%% This BibTeX bibliography file was created using BibDesk.
%% http://bibdesk.sourceforge.net/


%% Created for Sachs, Michael (NIH/NCI) [E] at 2016-05-09 12:47:57 -0400 


%% Saved with string encoding Unicode (UTF-8) 


@string{macro = {definition}}


@article{nielsen2010comparison,
	Author = {Nielsen, Torsten O and Parker, Joel S and Leung, Samuel and Voduc, David and Ebbert, Mark and Vickery, Tammi and Davies, Sherri R and Snider, Jacqueline and Stijleman, Inge J and Reed, Jerry and others},
	Date-Added = {2016-05-09 16:43:46 +0000},
	Date-Modified = {2016-05-09 16:43:46 +0000},
	Journal = {Clinical Cancer Research},
	Number = {21},
	Pages = {5222--5232},
	Publisher = {AACR},
	Title = {A comparison of PAM50 intrinsic subtyping with immunohistochemistry and clinical prognostic factors in tamoxifen-treated estrogen receptor--positive breast cancer},
	Volume = {16},
	Year = {2010}}

@article{parker2009supervised,
	Author = {Parker, Joel S and Mullins, Michael and Cheang, Maggie CU and Leung, Samuel and Voduc, David and Vickery, Tammi and Davies, Sherri and Fauron, Christiane and He, Xiaping and Hu, Zhiyuan and others},
	Date-Added = {2016-05-09 16:38:26 +0000},
	Date-Modified = {2016-05-09 16:38:26 +0000},
	Journal = {Journal of clinical oncology},
	Number = {8},
	Pages = {1160--1167},
	Publisher = {American Society of Clinical Oncology},
	Title = {Supervised risk predictor of breast cancer based on intrinsic subtypes},
	Volume = {27},
	Year = {2009}}

@article{zhang2001recursive,
	Author = {Zhang, Heping and Yu, Chang-Yung and Singer, Burton and Xiong, Momiao},
	Date-Added = {2016-04-19 15:01:07 +0000},
	Date-Modified = {2016-04-19 15:01:07 +0000},
	Journal = {Proceedings of the National Academy of Sciences},
	Number = {12},
	Pages = {6730--6735},
	Publisher = {National Acad Sciences},
	Title = {Recursive partitioning for tumor classification with gene expression microarray data},
	Volume = {98},
	Year = {2001}}

@article{van2002gene,
	Author = {Van't Veer, Laura J and Dai, Hongyue and Van De Vijver, Marc J and He, Yudong D and Hart, Augustinus AM and Mao, Mao and Peterse, Hans L and van der Kooy, Karin and Marton, Matthew J and Witteveen, Anke T and others},
	Date-Added = {2016-04-19 14:13:09 +0000},
	Date-Modified = {2016-04-19 14:13:09 +0000},
	Journal = {nature},
	Number = {6871},
	Pages = {530--536},
	Publisher = {Nature Publishing Group},
	Title = {Gene expression profiling predicts clinical outcome of breast cancer},
	Volume = {415},
	Year = {2002}}

@article{wang2005gene,
	Author = {Wang, Yixin and Klijn, Jan GM and Zhang, Yi and Sieuwerts, Anieta M and Look, Maxime P and Yang, Fei and Talantov, Dmitri and Timmermans, Mieke and Meijer-van Gelder, Marion E and Yu, Jack and others},
	Date-Added = {2016-04-19 14:12:49 +0000},
	Date-Modified = {2016-04-19 14:12:49 +0000},
	Journal = {The Lancet},
	Number = {9460},
	Pages = {671--679},
	Publisher = {Elsevier},
	Title = {Gene-expression profiles to predict distant metastasis of lymph-node-negative primary breast cancer},
	Volume = {365},
	Year = {2005}}

@manual{survival,
	Address = {URL: http://CRAN.R-project.org/package=survival},
	Author = {Therneau, T},
	Date-Added = {2016-03-03 19:50:52 +0000},
	Date-Modified = {2016-03-03 19:53:02 +0000},
	Edition = {version 2.38},
	Title = {A Package for Survival Analysis in S},
	Year = {2015}}

@article{simon2011re,
	Author = {Simon, Richard M and Freidlin, Boris},
	Date-Added = {2016-03-03 19:08:01 +0000},
	Date-Modified = {2016-03-03 19:08:01 +0000},
	Journal = {Journal of the National Cancer Institute},
	Number = {5},
	Pages = {445--445},
	Publisher = {Oxford University Press, Oxford Journals, Great Clarendon Street Oxford OX 2 6 DP UK},
	Title = {Re: Designing a Randomized Clinical Trial to Evaluate Personalized Medicine: A New Approach Based on Risk Prediction},
	Volume = {103},
	Year = {2011}}

@article{tibshirani2002pre,
	Author = {Tibshirani, Robert J and Efron, Brad},
	Date-Added = {2016-02-24 14:17:32 +0000},
	Date-Modified = {2016-02-24 14:17:32 +0000},
	Journal = {Statistical applications in genetics and molecular biology},
	Number = {1},
	Title = {Pre-validation and inference in microarrays},
	Volume = {1},
	Year = {2002}}

@article{efron1997improvements,
	Author = {Efron, Bradley and Tibshirani, Robert},
	Date-Added = {2016-02-04 15:43:53 +0000},
	Date-Modified = {2016-02-04 15:43:53 +0000},
	Journal = {Journal of the American Statistical Association},
	Number = {438},
	Pages = {548--560},
	Publisher = {Taylor \& Francis},
	Title = {Improvements on cross-validation: the 632+ bootstrap method},
	Volume = {92},
	Year = {1997}}

@misc{leeksva,
	Author = {Leek, JT and Johnson, WE and Parker, HS and Fertig, EJ and Jaffe, AE and Storey, JD},
	Date-Added = {2016-02-04 13:53:33 +0000},
	Date-Modified = {2016-02-04 14:46:42 +0000},
	Title = {sva: Surrogate Variable Analysis. R package version 3.18.0},
	Year = {2016}}

@article{edgar2002gene,
	Author = {Edgar, Ron and Domrachev, Michael and Lash, Alex E},
	Date-Added = {2016-02-04 13:50:36 +0000},
	Date-Modified = {2016-02-04 13:50:36 +0000},
	Journal = {Nucleic acids research},
	Number = {1},
	Pages = {207--210},
	Publisher = {Oxford Univ Press},
	Title = {Gene Expression Omnibus: NCBI gene expression and hybridization array data repository},
	Volume = {30},
	Year = {2002}}

@article{zhu2010prognostic,
	Author = {Zhu, Chang-Qi and Ding, Keyue and Strumpf, Dan and Weir, Barbara A and Meyerson, Matthew and Pennell, Nathan and Thomas, Roman K and Naoki, Katsuhiko and Ladd-Acosta, Christine and Liu, Ni and others},
	Date-Added = {2016-02-03 21:05:48 +0000},
	Date-Modified = {2016-02-03 21:05:48 +0000},
	Journal = {Journal of Clinical Oncology},
	Number = {29},
	Pages = {4417--4424},
	Publisher = {American Society of Clinical Oncology},
	Title = {Prognostic and predictive gene signature for adjuvant chemotherapy in resected non--small-cell lung cancer},
	Volume = {28},
	Year = {2010}}

@article{miller1991validation,
	Author = {Miller, Michael E and Hui, Siu L and Tierney, William M},
	Date-Added = {2015-01-10 23:05:23 +0000},
	Date-Modified = {2015-01-10 23:05:23 +0000},
	Journal = {Statistics in medicine},
	Number = {8},
	Pages = {1213--1226},
	Publisher = {Wiley Online Library},
	Title = {Validation techniques for logistic regression models},
	Volume = {10},
	Year = {1991}}

@article{wang2007approaches,
	Author = {Wang, Sue-Jane and O'Neill, Robert T and Hung, HM},
	Date-Added = {2015-01-10 22:02:11 +0000},
	Date-Modified = {2015-01-10 22:02:11 +0000},
	Journal = {Pharmaceutical Statistics},
	Number = {3},
	Pages = {227--244},
	Publisher = {John Wiley \&amp; Sons, Ltd.},
	Title = {Approaches to evaluation of treatment effect in randomized clinical trials with genomic subset},
	Volume = {6},
	Year = {2007}}

@article{freidlin2005adaptive,
	Author = {Freidlin, Boris and Simon, Richard},
	Date-Added = {2015-01-10 22:00:05 +0000},
	Date-Modified = {2015-01-10 22:00:05 +0000},
	Journal = {Clinical Cancer Research},
	Number = {21},
	Pages = {7872--7878},
	Publisher = {AACR},
	Title = {Adaptive signature design: an adaptive clinical trial design for generating and prospectively testing a gene expression signature for sensitive patients},
	Volume = {11},
	Year = {2005}}

@article{tran2012prognostic,
	Author = {Tran, Hai T and Liu, Yuan and Zurita, Amado J and Lin, Ying and Baker-Neblett, Katherine L and Martin, Anne-Marie and Figlin, Robert A and Hutson, Thomas E and Sternberg, Cora N and Amado, Rafael G and others},
	Date-Added = {2015-01-09 21:31:43 +0000},
	Date-Modified = {2015-01-09 21:31:43 +0000},
	Journal = {The lancet oncology},
	Number = {8},
	Pages = {827--837},
	Publisher = {Elsevier},
	Title = {Prognostic or predictive plasma cytokines and angiogenic factors for patients treated with pazopanib for metastatic renal-cell cancer: a retrospective analysis of phase 2 and phase 3 trials},
	Volume = {13},
	Year = {2012}}

@article{chapman2011improved,
	Author = {Chapman, Paul B and Hauschild, Axel and Robert, Caroline and Haanen, John B and Ascierto, Paolo and Larkin, James and Dummer, Reinhard and Garbe, Claus and Testori, Alessandro and Maio, Michele and others},
	Date-Added = {2015-01-08 19:19:07 +0000},
	Date-Modified = {2015-01-08 19:19:07 +0000},
	Journal = {New England Journal of Medicine},
	Number = {26},
	Pages = {2507--2516},
	Publisher = {Massachusetts Medical Society},
	Title = {Improved survival with vemurafenib in melanoma with BRAF V600E mutation},
	Volume = {364},
	Year = {2011}}

@article{temple2010enrichment,
	Author = {Temple, R},
	Date-Added = {2015-01-08 17:43:58 +0000},
	Date-Modified = {2015-01-08 17:43:58 +0000},
	Journal = {Clinical Pharmacology \& Therapeutics},
	Number = {6},
	Pages = {774--778},
	Publisher = {Nature Publishing Group},
	Title = {Enrichment of clinical study populations},
	Volume = {88},
	Year = {2010}}

@article{korn1990measures,
	Author = {Korn, Edward L and Simon, Richard},
	Date-Added = {2015-01-08 14:19:35 +0000},
	Date-Modified = {2015-01-08 14:19:35 +0000},
	Journal = {Statistics in medicine},
	Number = {5},
	Pages = {487--503},
	Publisher = {Wiley Subscription Services, Inc., A Wiley Company},
	Title = {Measures of explained variation for survival data},
	Volume = {9},
	Year = {1990}}

@article{pencina2004overall,
	Author = {Pencina, Michael J and D'Agostino, Ralph B},
	Date-Added = {2015-01-08 14:19:34 +0000},
	Date-Modified = {2015-01-08 14:19:34 +0000},
	Journal = {Statistics in medicine},
	Number = {13},
	Pages = {2109--2123},
	Publisher = {John Wiley \& Sons, Ltd.},
	Title = {Overall C as a measure of discrimination in survival analysis: model specific population value and confidence interval estimation},
	Volume = {23},
	Year = {2004}}

@article{schemper2000predictive,
	Author = {Schemper, Michael and Henderson, Robin},
	Date-Added = {2015-01-08 14:19:15 +0000},
	Date-Modified = {2015-01-08 14:19:15 +0000},
	Journal = {Biometrics},
	Number = {1},
	Pages = {249--255},
	Publisher = {Blackwell Publishing Ltd},
	Title = {Predictive accuracy and explained variation in Cox regression},
	Volume = {56},
	Year = {2000}}

@article{lee1999learning,
	Author = {Lee, Daniel D and Seung, H Sebastian},
	Date-Added = {2015-01-07 19:41:10 +0000},
	Date-Modified = {2015-01-07 19:41:10 +0000},
	Journal = {Nature},
	Number = {6755},
	Pages = {788--791},
	Publisher = {Nature Publishing Group},
	Title = {Learning the parts of objects by non-negative matrix factorization},
	Volume = {401},
	Year = {1999}}

@article{bien2013lasso,
	Author = {Bien, Jacob and Taylor, Jonathan and Tibshirani, Robert},
	Date-Added = {2015-01-07 17:24:13 +0000},
	Date-Modified = {2015-01-07 17:24:13 +0000},
	Journal = {The Annals of Statistics},
	Number = {3},
	Pages = {1111--1141},
	Publisher = {Institute of Mathematical Statistics},
	Title = {A lasso for hierarchical interactions},
	Volume = {41},
	Year = {2013}}

@article{paul2008preconditioning,
	Author = {Paul, Debashis and Bair, Eric and Hastie, Trevor and Tibshirani, Robert},
	Date-Added = {2015-01-07 16:15:16 +0000},
	Date-Modified = {2015-01-07 16:15:16 +0000},
	Journal = {The Annals of Statistics},
	Pages = {1595--1618},
	Publisher = {Institute of Mathematical Statistics},
	Title = {" Preconditioning" for feature selection and regression in high-dimensional problems},
	Year = {2008}}

@article{park2007averaged,
	Author = {Park, Mee Young and Hastie, Trevor and Tibshirani, Robert},
	Date-Added = {2015-01-07 16:15:15 +0000},
	Date-Modified = {2015-01-07 16:15:15 +0000},
	Journal = {Biostatistics},
	Number = {2},
	Pages = {212--227},
	Publisher = {Oxford University Press},
	Title = {Averaged gene expressions for regression},
	Volume = {8},
	Year = {2007}}

@article{witten2008testing,
	Author = {Witten, Daniela M and Tibshirani, Robert},
	Date-Added = {2015-01-07 16:15:15 +0000},
	Date-Modified = {2015-01-07 16:15:58 +0000},
	Journal = {The annals of applied statistics},
	Number = {3},
	Pages = {986--1012},
	Publisher = {NIH Public Access},
	Title = {Testing significance of features by lassoed principal components},
	Volume = {2},
	Year = {2008}}

@article{bair2006prediction,
	Author = {Bair, Eric and Hastie, Trevor and Paul, Debashis and Tibshirani, Robert},
	Date-Added = {2015-01-07 16:12:40 +0000},
	Date-Modified = {2015-01-12 16:40:53 +0000},
	Journal = {Journal of the American Statistical Association},
	Number = {473},
	Pages = {119--137},
	Title = {Prediction by supervised principal components},
	Volume = {101},
	Year = {2006}}

@article{sun1996inappropriate,
	Author = {Sun, Guo-Wen and Shook, Thomas L and Kay, Gregory L},
	Date-Added = {2015-01-07 16:08:07 +0000},
	Date-Modified = {2015-01-07 16:08:07 +0000},
	Journal = {Journal of clinical epidemiology},
	Number = {8},
	Pages = {907--916},
	Publisher = {Pergamon},
	Title = {Inappropriate use of bivariable analysis to screen risk factors for use in multivariable analysis},
	Volume = {49},
	Year = {1996}}

@article{cortes1995support,
	Author = {Cortes, Corinna and Vapnik, Vladimir},
	Date-Added = {2014-12-31 16:02:06 +0000},
	Date-Modified = {2014-12-31 16:02:06 +0000},
	Journal = {Machine learning},
	Number = {3},
	Pages = {273--297},
	Publisher = {Kluwer Academic Publishers},
	Title = {Support-vector networks},
	Volume = {20},
	Year = {1995}}

@article{altman1992introduction,
	Author = {Altman, Naomi S},
	Date-Added = {2014-12-31 16:00:14 +0000},
	Date-Modified = {2014-12-31 16:00:14 +0000},
	Journal = {The American Statistician},
	Number = {3},
	Pages = {175--185},
	Publisher = {Taylor \& Francis Group},
	Title = {An introduction to kernel and nearest-neighbor nonparametric regression},
	Volume = {46},
	Year = {1992}}

@article{breiman2001random,
	Author = {Breiman, Leo},
	Date-Added = {2014-12-31 16:00:13 +0000},
	Date-Modified = {2014-12-31 16:00:13 +0000},
	Journal = {Machine learning},
	Number = {1},
	Pages = {5--32},
	Publisher = {Kluwer Academic Publishers},
	Title = {Random forests},
	Volume = {45},
	Year = {2001}}

@book{breiman1984classification,
	Author = {Breiman, Leo and Friedman, Jerome and Stone, Charles J and Olshen, Richard A},
	Date-Added = {2014-12-31 16:00:12 +0000},
	Date-Modified = {2014-12-31 16:00:25 +0000},
	Publisher = {CRC press},
	Title = {Classification and regression trees},
	Year = {1984}}

@article{dobbin2011optimally,
	Author = {Dobbin, Kevin K and Simon, Richard M},
	Date-Added = {2014-12-30 21:09:35 +0000},
	Date-Modified = {2014-12-30 21:09:35 +0000},
	Journal = {BMC medical genomics},
	Number = {1},
	Pages = {31},
	Publisher = {BioMed Central Ltd},
	Title = {Optimally splitting cases for training and testing high dimensional classifiers},
	Volume = {4},
	Year = {2011}}

@article{simon2004evaluating,
	Author = {Simon, Richard and Maitournam, Aboubakar},
	Date-Added = {2014-12-30 19:30:47 +0000},
	Date-Modified = {2014-12-30 19:30:47 +0000},
	Journal = {Clinical Cancer Research},
	Number = {20},
	Pages = {6759--6763},
	Publisher = {AACR},
	Title = {Evaluating the efficiency of targeted designs for randomized clinical trials},
	Volume = {10},
	Year = {2004}}

@article{maitournam2005efficiency,
	Author = {Maitournam, A and Simon, R},
	Date-Added = {2014-12-30 19:28:31 +0000},
	Date-Modified = {2014-12-30 19:28:31 +0000},
	Journal = {Statistics in medicine},
	Number = {3},
	Pages = {329--339},
	Publisher = {Wiley Online Library},
	Title = {On the efficiency of targeted clinical trials},
	Volume = {24},
	Year = {2005}}

@article{bonetti2000graphical,
	Author = {Bonetti, Marco and Gelber, Richard D},
	Date-Added = {2014-12-30 17:05:59 +0000},
	Date-Modified = {2014-12-30 17:05:59 +0000},
	Journal = {Statistics in medicine},
	Number = {19},
	Pages = {2595--2609},
	Publisher = {John Wiley \& Sons, Ltd.},
	Title = {A graphical method to assess treatment--covariate interactions using the Cox model on subsets of the data},
	Volume = {19},
	Year = {2000}}

@article{dixon1991bayesian,
	Author = {Dixon, Dennis O and Simon, Richard},
	Date-Added = {2014-12-30 17:05:58 +0000},
	Date-Modified = {2015-01-12 16:37:11 +0000},
	Journal = {Biometrics},
	Number = {3},
	Pages = {871--881},
	Publisher = {Biometric Society},
	Title = {Bayesian subset analysis},
	Volume = {47},
	Year = {1991}}

@article{royston2008interactions,
	Author = {Royston, Patrick and Sauerbrei, Willi},
	Date-Added = {2014-12-30 16:43:06 +0000},
	Date-Modified = {2014-12-30 16:43:06 +0000},
	Journal = {Journal of Clinical Oncology},
	Number = {9},
	Pages = {1397--1399},
	Publisher = {American Society of Clinical Oncology},
	Title = {Interactions between treatment and continuous covariates: a step toward individualizing therapy},
	Volume = {26},
	Year = {2008}}

@article{freidlin2013phase,
	Author = {Freidlin, Boris and Sun, Zhuoxin and Gray, Robert and Korn, Edward L},
	Date-Added = {2014-12-30 16:34:46 +0000},
	Date-Modified = {2014-12-30 16:34:46 +0000},
	Journal = {Journal of Clinical Oncology},
	Number = {25},
	Pages = {3158--3161},
	Publisher = {American Society of Clinical Oncology},
	Title = {Phase III clinical trials that integrate treatment and biomarker evaluation},
	Volume = {31},
	Year = {2013}}

@article{simon2012clinical,
	Author = {Simon, Richard},
	Date-Added = {2014-12-30 15:28:50 +0000},
	Date-Modified = {2014-12-30 15:28:50 +0000},
	Journal = {Statistics in medicine},
	Number = {25},
	Pages = {3031--3040},
	Publisher = {John Wiley \& Sons, Ltd},
	Title = {Clinical trials for predictive medicine},
	Volume = {31},
	Year = {2012}}

@article{simon2010clinical,
	Author = {Simon, Richard},
	Date-Added = {2014-12-30 15:28:48 +0000},
	Date-Modified = {2014-12-30 15:28:48 +0000},
	Journal = {Clinical Trials},
	Number = {5},
	Pages = {516--524},
	Publisher = {SAGE Publications},
	Title = {Clinical trials for predictive medicine: new challenges and paradigms},
	Volume = {7},
	Year = {2010}}

@article{sargent2005clinical,
	Author = {Sargent, Daniel J and Conley, Barbara A and Allegra, Carmen and Collette, Laurence},
	Date-Added = {2014-12-29 16:26:19 +0000},
	Date-Modified = {2014-12-29 16:26:19 +0000},
	Journal = {Journal of Clinical Oncology},
	Number = {9},
	Pages = {2020--2027},
	Publisher = {American Society of Clinical Oncology},
	Title = {Clinical trial designs for predictive marker validation in cancer treatment trials},
	Volume = {23},
	Year = {2005}}

@article{tentler2012patient,
	Author = {Tentler, John J and Tan, Aik Choon and Weekes, Colin D and Jimeno, Antonio and Leong, Stephen and Pitts, Todd M and Arcaroli, John J and Messersmith, Wells A and Eckhardt, S Gail},
	Date-Added = {2014-12-29 16:07:13 +0000},
	Date-Modified = {2014-12-29 16:07:13 +0000},
	Journal = {Nature reviews Clinical oncology},
	Number = {6},
	Pages = {338--350},
	Publisher = {Nature Publishing Group},
	Title = {Patient-derived tumour xenografts as models for oncology drug development},
	Volume = {9},
	Year = {2012}}

@article{luo2013intravital,
	Author = {Luo, Jie and Guo, Xing-Rong and Tang, Xiang-Jun and Sun, Xu-Yong and Yang, Zhuo-Shun and Zhang, Yong and Dai, Long-Jun and Warnock, Garth L},
	Date-Added = {2014-12-29 16:07:10 +0000},
	Date-Modified = {2015-01-12 16:35:06 +0000},
	Journal = {International Journal of Cancer},
	Number = {7},
	Pages = {1511--1516},
	Title = {Intravital biobank and personalized cancer therapy: The correlation with omics},
	Volume = {135},
	Year = {2013}}

@article{freidlin2010randomized,
	Author = {Freidlin, Boris and McShane, Lisa M and Korn, Edward L},
	Date-Added = {2014-12-29 14:51:14 +0000},
	Date-Modified = {2015-01-13 15:13:06 +0000},
	Journal = {Journal of the National Cancer Institute},
	Number = {3},
	Pages = {152--160},
	Publisher = {Oxford University Press},
	Title = {Randomized clinical trials with biomarkers: design issues},
	Volume = {102},
	Year = {2010}}

@article{tibshirani2003class,
	Author = {Tibshirani, Robert and Hastie, Trevor and Narasimhan, Balasubramanian and Chu, Gilbert},
	Date-Added = {2014-12-11 18:49:16 +0000},
	Date-Modified = {2015-01-12 16:30:02 +0000},
	Journal = {Statistical Science},
	Number = {1},
	Pages = {104--117},
	Publisher = {JSTOR},
	Title = {Class prediction by nearest shrunken centroids, with applications to DNA microarrays},
	Volume = {18},
	Year = {2003}}

@article{tusher2001significance,
	Author = {Tusher, Virginia Goss and Tibshirani, Robert and Chu, Gilbert},
	Date-Added = {2014-12-11 18:34:19 +0000},
	Date-Modified = {2014-12-11 18:34:19 +0000},
	Journal = {Proceedings of the National Academy of Sciences},
	Number = {9},
	Pages = {5116--5121},
	Publisher = {National Acad Sciences},
	Title = {Significance analysis of microarrays applied to the ionizing radiation response},
	Volume = {98},
	Year = {2001}}

@article{lim2013learning,
	Author = {Lim, Michael and Hastie, Trevor},
	Date-Added = {2014-12-11 18:32:41 +0000},
	Date-Modified = {2014-12-11 18:32:41 +0000},
	Journal = {arXiv preprint arXiv:1308.2719},
	Title = {Learning interactions through hierarchical group-lasso regularization},
	Year = {2013}}

@article{tibshirani2013lasso,
	Author = {Tibshirani, Ryan J},
	Date-Added = {2014-12-11 18:32:17 +0000},
	Date-Modified = {2014-12-11 18:32:17 +0000},
	Journal = {Electronic Journal of Statistics},
	Pages = {1456--1490},
	Publisher = {Institute of Mathematical Statistics},
	Title = {The lasso problem and uniqueness},
	Volume = {7},
	Year = {2013}}

@techreport{hastie2003expression,
	Author = {Hastie, Trevor and Tibshirani, Robert},
	Date-Added = {2014-12-11 18:27:45 +0000},
	Date-Modified = {2014-12-11 18:28:34 +0000},
	Institution = {Stanford University},
	Title = {Expression Arrays and the p >> n Problem},
	Year = {2003}}

@article{marioni2008rna,
	Author = {Marioni, John C and Mason, Christopher E and Mane, Shrikant M and Stephens, Matthew and Gilad, Yoav},
	Date-Added = {2014-12-11 18:10:23 +0000},
	Date-Modified = {2014-12-11 18:10:23 +0000},
	Journal = {Genome research},
	Number = {9},
	Pages = {1509--1517},
	Publisher = {Cold Spring Harbor Lab},
	Title = {RNA-seq: an assessment of technical reproducibility and comparison with gene expression arrays},
	Volume = {18},
	Year = {2008}}

@article{shi2006microarray,
	Author = {Shi, Leming and Shi, Leming and Reid, Laura H and Jones, Wendell D and Shippy, Richard and Warrington, Janet A and Baker, Shawn C and Collins, Patrick J and de Longueville, Francoise and Kawasaki, Ernest S and others},
	Date-Added = {2014-12-11 18:10:19 +0000},
	Date-Modified = {2014-12-11 18:10:19 +0000},
	Journal = {Nature biotechnology},
	Number = {9},
	Pages = {1151--1161},
	Publisher = {Nature Publishing Group},
	Title = {The MicroArray Quality Control (MAQC) project shows inter-and intraplatform reproducibility of gene expression measurements},
	Volume = {24},
	Year = {2006}}

@article{rodriguez2010analytical,
	Author = {Rodriguez, Henry and Te{\v{z}}ak, {\v{Z}}ivana and Mesri, Mehdi and Carr, Steven A and Liebler, Daniel C and Fisher, Susan J and Tempst, Paul and Hiltke, Tara and Kessler, Larry G and Kinsinger, Christopher R and others},
	Date-Added = {2014-12-11 18:10:18 +0000},
	Date-Modified = {2014-12-11 18:10:18 +0000},
	Journal = {Clinical chemistry},
	Number = {2},
	Pages = {237--243},
	Publisher = {American Association for Clinical Chemistry},
	Title = {Analytical validation of protein-based multiplex assays: a workshop report by the NCI-FDA interagency oncology task force on molecular diagnostics},
	Volume = {56},
	Year = {2010}}

@article{jennings2009recommended,
	Author = {Jennings, Lawrence and Van Deerlin, Vivianna M and Gulley, Margaret L},
	Date-Added = {2014-12-11 18:10:17 +0000},
	Date-Modified = {2014-12-11 18:10:17 +0000},
	Journal = {Archives of pathology \& laboratory medicine},
	Number = {5},
	Pages = {743--755},
	Title = {Recommended principles and practices for validating clinical molecular pathology tests},
	Volume = {133},
	Year = {2009}}

@article{bleeker2003external,
	Author = {Bleeker, SE and Moll, HA and Steyerberg, EW and Donders, ART and Derksen-Lubsen, G and Grobbee, DE and Moons, KGM},
	Date-Added = {2014-12-11 15:03:39 +0000},
	Date-Modified = {2014-12-11 15:03:39 +0000},
	Journal = {Journal of clinical epidemiology},
	Number = {9},
	Pages = {826--832},
	Publisher = {Pergamon},
	Title = {External validation is necessary in prediction research:: A clinical example},
	Volume = {56},
	Year = {2003}}

@article{collins2014external,
	Author = {Collins, Gary S and de Groot, Joris A and Dutton, Susan and Omar, Omar and Shanyinde, Milensu and Tajar, Abdelouahid and Voysey, Merryn and Wharton, Rose and Yu, Ly-Mee and Moons, Karel G and others},
	Date-Added = {2014-12-11 15:03:26 +0000},
	Date-Modified = {2015-01-12 16:38:40 +0000},
	Journal = {BMC medical research methodology},
	Number = {40},
	Pages = {doi:10.1186/1471-2288-14-40},
	Publisher = {BioMed Central Ltd},
	Title = {External validation of multivariable prediction models: a systematic review of methodological conduct and reporting},
	Volume = {14},
	Year = {2014}}

@article{hull2006taverna,
	Author = {Hull, Duncan and Wolstencroft, Katy and Stevens, Robert and Goble, Carole and Pocock, Mathew R and Li, Peter and Oinn, Tom},
	Date-Added = {2014-12-10 21:28:36 +0000},
	Date-Modified = {2014-12-10 21:28:36 +0000},
	Journal = {Nucleic acids research},
	Number = {suppl 2},
	Pages = {W729--W732},
	Publisher = {Oxford University Press},
	Title = {Taverna: a tool for building and running workflows of services},
	Volume = {34},
	Year = {2006}}

@inproceedings{altintas2004kepler,
	Author = {Altintas, Ilkay and Berkley, Chad and Jaeger, Efrat and Jones, Matthew and Ludascher, Bertram and Mock, Steve},
	Booktitle = {Proceedings. 16th International Conference on Scientific and Statistical Database Management 2004.},
	Date-Added = {2014-12-10 21:26:17 +0000},
	Date-Modified = {2014-12-10 21:28:05 +0000},
	Organization = {IEEE},
	Pages = {423--424},
	Title = {Kepler: an extensible system for design and execution of scientific workflows},
	Year = {2004}}

@article{peng2011reproducible,
	Author = {Peng, Roger D},
	Date-Added = {2014-12-10 21:14:13 +0000},
	Date-Modified = {2014-12-10 21:16:34 +0000},
	Journal = {Science},
	Number = {6060},
	Pages = {1226--1227},
	Publisher = {NIH Public Access},
	Title = {Reproducible research in computational science},
	Volume = {334},
	Year = {2011}}

@article{wilson2014best,
	Author = {Wilson, Greg and Aruliah, DA and Brown, C Titus and Hong, Neil P Chue and Davis, Matt and Guy, Richard T and Haddock, Steven HD and Huff, Kathryn D and Mitchell, Ian M and Plumbley, Mark D and others},
	Date-Added = {2014-12-10 20:14:57 +0000},
	Date-Modified = {2014-12-10 20:14:57 +0000},
	Journal = {PLoS biology},
	Number = {1},
	Pages = {e1001745},
	Publisher = {Public Library of Science},
	Title = {Best practices for scientific computing},
	Volume = {12},
	Year = {2014}}

@inproceedings{hannay2009scientists,
	Author = {Hannay, Jo Erskine and MacLeod, Carolyn and Singer, Janice and Langtangen, Hans Petter and Pfahl, Dietmar and Wilson, Greg},
	Booktitle = {Proceedings of the 2009 ICSE workshop on Software Engineering for Computational Science and Engineering},
	Date-Added = {2014-12-10 20:14:56 +0000},
	Date-Modified = {2014-12-10 20:14:56 +0000},
	Organization = {IEEE Computer Society},
	Pages = {1--8},
	Title = {How do scientists develop and use scientific software?},
	Year = {2009}}

@article{altman2012reporting,
	Author = {Altman, Douglas G and McShane, Lisa M and Sauerbrei, Willi and Taube, Sheila E},
	Date-Added = {2014-09-30 17:55:42 +0000},
	Date-Modified = {2014-09-30 17:55:42 +0000},
	Journal = {BMC Med.},
	Number = {1},
	Pages = {51},
	Publisher = {BioMed Central Ltd},
	Title = {Reporting recommendations for tumor marker prognostic studies (REMARK): explanation and elaboration},
	Volume = {10},
	Year = {2012}}

@article{altman2000we,
	Author = {Altman, Douglas G and Royston, Patrick},
	Date-Added = {2014-12-04 20:38:03 +0000},
	Date-Modified = {2014-12-04 20:38:03 +0000},
	Journal = {Statistics in medicine},
	Number = {4},
	Pages = {453--473},
	Publisher = {John Wiley \& Sons, Ltd.},
	Title = {What do we mean by validating a prognostic model?},
	Volume = {19},
	Year = {2000}}

@article{bair2004semi,
	Author = {Bair, Eric and Tibshirani, Robert},
	Date-Added = {2014-09-30 12:24:52 +0000},
	Date-Modified = {2014-09-30 12:24:52 +0000},
	Journal = {PLoS Biol.},
	Number = {4},
	Pages = {e108},
	Publisher = {Public Library of Science},
	Title = {Semi-supervised methods to predict patient survival from gene expression data},
	Volume = {2},
	Year = {2004}}

@article{baker2012biomarkers,
	Author = {Baker, Stuart G and Kramer, Barnett S and Sargent, Daniel J and Bonetti, Marco},
	Date-Added = {2014-09-08 17:33:25 +0000},
	Date-Modified = {2014-09-08 17:33:25 +0000},
	Journal = {Discov. Med.},
	Number = {70},
	Pages = {187--192},
	Title = {Biomarkers, subgroup evaluation, and clinical trial design},
	Volume = {13},
	Year = {2012}}

@article{baker2010designing,
	Author = {Baker, Stuart G and Sargent, Daniel J},
	Date-Added = {2014-09-08 17:33:24 +0000},
	Date-Modified = {2014-10-30 19:34:25 +0000},
	Journal = {J. Natl. Cancer Inst.},
	Number = {23},
	Pages = {1756--1759},
	Publisher = {Oxford University Press},
	Title = {Designing a randomized clinical trial to evaluate personalized medicine: a new approach based on risk prediction},
	Volume = {102},
	Year = {2010}}

@article{batchelor2014antiangiogenic,
	Author = {Batchelor, Tracy T and Reardon, David A and de Groot, John F and Wick, Wolfgang and Weller, Michael},
	Date-Added = {2014-12-10 17:21:20 +0000},
	Date-Modified = {2014-12-10 17:21:20 +0000},
	Journal = {Clinical Cancer Research},
	Number = {22},
	Pages = {5612--5619},
	Publisher = {American Association for Cancer Research},
	Title = {Antiangiogenic therapy for glioblastoma: current status and future prospects},
	Volume = {20},
	Year = {2014}}

@article{bayman2010detecting,
	Author = {Bayman, Emine {\"O}zg{\"u}r and Chaloner, Kathryn and Cowles, Mary Kathryn},
	Date-Added = {2014-10-20 14:14:40 +0000},
	Date-Modified = {2014-10-20 14:14:40 +0000},
	Journal = {Stat. Med.},
	Number = {4},
	Pages = {455--463},
	Publisher = {John Wiley \& Sons, Ltd.},
	Title = {Detecting qualitative interaction: A Bayesian approach},
	Volume = {29},
	Year = {2010}}

@techreport{boettiger2014introduction,
	Author = {Carl Boettiger},
	Bibsource = {dblp computer science bibliography, http://dblp.org},
	Biburl = {http://dblp.uni-trier.de/rec/bib/journals/corr/Boettiger14},
	Date-Modified = {2015-01-12 16:39:36 +0000},
	Institution = {Cornell University Library},
	Journal = {CoRR},
	Timestamp = {Sun, 02 Nov 2014 11:25:59 +0100},
	Title = {An introduction to Docker for reproducible research, with examples from the {R} environment},
	Type = {http://arxiv.org/abs/1410.0846},
	Url = {http://arxiv.org/abs/1410.0846},
	Volume = {abs/1410.0846},
	Year = {2014},
	Bdsk-Url-1 = {http://arxiv.org/abs/1410.0846}}

@article{bouwmeester2012reporting,
	Author = {Bouwmeester, Walter and Zuithoff, Nicolaas PA and Mallett, Susan and Geerlings, Mirjam I and Vergouwe, Yvonne and Steyerberg, Ewout W and Altman, Douglas G and Moons, Karel GM},
	Date-Added = {2014-07-29 13:34:42 +0000},
	Date-Modified = {2014-07-29 13:34:42 +0000},
	Journal = {PLoS Med.},
	Number = {5},
	Pages = {e1001221},
	Publisher = {Public Library of Science},
	Title = {Reporting and methods in clinical prediction research: a systematic review},
	Volume = {9},
	Year = {2012}}

@article{brannath2009confirmatory,
	Author = {Brannath, Werner and Zuber, Emmanuel and Branson, Michael and Bretz, Frank and Gallo, Paul and Posch, Martin and Racine-Poon, Amy},
	Date-Added = {2014-08-22 14:29:42 +0000},
	Date-Modified = {2014-08-22 14:29:42 +0000},
	Journal = {Stat. Med.},
	Number = {10},
	Pages = {1445--1463},
	Publisher = {Wiley Online Library},
	Title = {Confirmatory adaptive designs with Bayesian decision tools for a targeted therapy in oncology},
	Volume = {28},
	Year = {2009}}

@article{brettschneider2008quality,
	Author = {Brettschneider, Julia and Collin, Fran{\c{c}}ois and Bolstad, Benjamin M and Speed, Terence P},
	Date-Added = {2014-12-10 17:21:21 +0000},
	Date-Modified = {2014-12-10 17:21:21 +0000},
	Journal = {Technometrics},
	Number = {3},
	Pages = {241--264},
	Title = {Quality assessment for short oligonucleotide microarray data},
	Volume = {50},
	Year = {2008}}

@article{brinkley2010generalized,
	Author = {Brinkley, Jason and Tsiatis, Anastasios and Anstrom, Kevin J},
	Date-Added = {2014-08-26 13:16:16 +0000},
	Date-Modified = {2014-08-26 13:16:16 +0000},
	Journal = {Biometrics},
	Number = {2},
	Pages = {512--522},
	Publisher = {Blackwell Publishing Inc},
	Title = {A generalized estimator of the attributable benefit of an optimal treatment regime},
	Volume = {66},
	Year = {2010}}

@article{buyse2007towards,
	Author = {Buyse, Marc},
	Date-Added = {2014-11-25 15:49:25 +0000},
	Date-Modified = {2014-11-25 15:49:25 +0000},
	Journal = {European Journal of Cancer Supplements},
	Number = {5},
	Pages = {89--95},
	Publisher = {Elsevier},
	Title = {Towards validation of statistically reliable biomarkers},
	Volume = {5},
	Year = {2007}}

@article{cairns2011statistical,
	Author = {Cairns, David A},
	Date-Added = {2014-12-10 17:21:20 +0000},
	Date-Modified = {2014-12-10 17:21:20 +0000},
	Journal = {Proteomics},
	Number = {6},
	Pages = {1037--1048},
	Publisher = {WILEY-VCH Verlag},
	Title = {Statistical issues in quality control of proteomic analyses: good experimental design and planning},
	Volume = {11},
	Year = {2011}}

@article{chau2008validation,
	Author = {Chau, Cindy H and Rixe, Olivier and McLeod, Howard and Figg, William D},
	Date-Added = {2014-08-26 13:16:05 +0000},
	Date-Modified = {2014-08-26 13:16:05 +0000},
	Journal = {Clin. Cancer Res.},
	Number = {19},
	Pages = {5967--5976},
	Publisher = {American Association for Cancer Research},
	Title = {Validation of analytic methods for biomarkers used in drug development},
	Volume = {14},
	Year = {2008}}

@article{cronin2007analytical,
	Author = {Cronin, Maureen and Sangli, Chithra and Liu, Mei-Lan and Pho, Mylan and Dutta, Debjani and Nguyen, Anhthu and Jeong, Jennie and Wu, Jenny and Langone, Kim Clark and Watson, Drew},
	Date-Added = {2014-08-26 13:05:13 +0000},
	Date-Modified = {2014-08-26 13:05:13 +0000},
	Journal = {Clin. Chem.},
	Number = {6},
	Pages = {1084--1091},
	Publisher = {American Association for Clinical Chemistry},
	Title = {Analytical validation of the Oncotype DX genomic diagnostic test for recurrence prognosis and therapeutic response prediction in node-negative, estrogen receptor--positive breast cancer},
	Volume = {53},
	Year = {2007}}

@article{denne2014identifying,
	Author = {Denne, Jonathan S and Pennello, Gene and Zhao, Luping and Chang, Shao-Chun and Althouse, Sandra},
	Date-Added = {2014-07-29 13:47:26 +0000},
	Date-Modified = {2014-07-29 13:47:26 +0000},
	Journal = {Statistics in Biopharmaceutical Research},
	Number = {1},
	Pages = {78--88},
	Publisher = {Taylor \& Francis},
	Title = {Identifying a Subpopulation for a Tailored Therapy: Bridging Clinical Efficacy From a Laboratory-Developed Assay to a Validated In Vitro Diagnostic Test Kit},
	Volume = {6},
	Year = {2014}}

@electronic{dockerweb,
	Author = {{Docker, Inc}},
	Date-Modified = {2014-12-12 20:22:57 +0000},
	Howpublished = {http://www.docker.com},
	Language = {English},
	Owner = {sachsmc},
	Timestamp = {2014.12.10},
	Title = {Build, Ship and Run Any App, Anywhere},
	Year = {2014},
	Bdsk-Url-1 = {http://www.docker.com}}

@article{eng2014randomized,
	Author = {Eng, Kevin H},
	Date-Added = {2014-08-22 14:10:11 +0000},
	Date-Modified = {2014-10-30 19:37:31 +0000},
	Journal = {Stat. Med.},
	Number = {18},
	Pages = {3089--3099},
	Publisher = {Wiley Online Library},
	Title = {Randomized reverse marker strategy design for prospective biomarker validation},
	Volume = {33},
	Year = {2014}}

@article{faivre2006new,
	Author = {Faivre, Sandrine and Djelloul, Siham and Raymond, Eric},
	Date-Added = {2014-11-25 15:49:09 +0000},
	Date-Modified = {2014-11-25 15:59:10 +0000},
	Journal = {Seminars in oncology},
	Number = {4},
	Pages = {407--420},
	Title = {New paradigms in anticancer therapy: targeting multiple signaling pathways with kinase inhibitors},
	Volume = {33},
	Year = {2006}}

@article{faratian2008predictive,
	Author = {Faratian, D and Bartlett, J},
	Date-Added = {2014-11-25 15:49:26 +0000},
	Date-Modified = {2014-11-25 15:49:26 +0000},
	Journal = {Histopathology},
	Number = {1},
	Pages = {91--98},
	Publisher = {Blackwell Publishing Ltd},
	Title = {Predictive markers in breast cancer--the future},
	Volume = {52},
	Year = {2008}}

@article{filipits2011new,
	Author = {Filipits, Martin and Rudas, Margaretha and Jakesz, Raimund and Dubsky, Peter and Fitzal, Florian and Singer, Christian F and Dietze, Otto and Greil, Richard and Jelen, Andrea and Sevelda, Paul and others},
	Date-Added = {2014-08-26 14:21:07 +0000},
	Date-Modified = {2014-08-26 14:21:07 +0000},
	Journal = {Clin. Cancer Res.},
	Number = {18},
	Pages = {6012--6020},
	Publisher = {American Association for Cancer Research},
	Title = {A new molecular predictor of distant recurrence in ER-positive, HER2-negative breast cancer adds independent information to conventional clinical risk factors},
	Volume = {17},
	Year = {2011}}

@techreport{fleeman2013pertuzumab,
	Author = {Fleeman, Nigel and Bagust, Adrian and Beale, Sophie and Dwan, Kerry and Dickson, Rumona and Director, LRiG and Proudlove, Chris and OReilly, Susan and McEntee, Joanne and Dickson, R and others},
	Date-Added = {2014-10-16 15:55:34 +0000},
	Date-Modified = {2014-10-30 19:40:41 +0000},
	Institution = {University of Liverpool: Reviews and Implementation Group},
	Title = {Pertuzumab in combination with trastuzumab and docetaxel for the treatment of HER2 positive metastatic or locally recurrent unresectable breast cancer: A Single Technology Appraisal},
	Type = {Single Technology Appraisal: Evidence Review Group Report},
	Year = {2013}}

@article{freidlin2010cross,
	Author = {Freidlin, Boris and Jiang, Wenyu and Simon, Richard},
	Date-Added = {2014-08-22 14:15:45 +0000},
	Date-Modified = {2014-08-22 14:15:45 +0000},
	Journal = {Clin. Cancer Res.},
	Number = {2},
	Pages = {691--698},
	Publisher = {AACR},
	Title = {The cross-validated adaptive signature design},
	Volume = {16},
	Year = {2010}}

@article{freidlin2014biomarker,
	Author = {Freidlin, Boris and Korn, Edward L},
	Date-Added = {2014-08-22 14:14:43 +0000},
	Date-Modified = {2014-08-22 14:14:43 +0000},
	Journal = {Nature Reviews Clinical Oncology},
	Number = {2},
	Pages = {81--90},
	Publisher = {Nature Publishing Group},
	Title = {Biomarker enrichment strategies: matching trial design to biomarker credentials},
	Volume = {11},
	Year = {2014}}

@article{freidlin2013marker,
	Author = {Freidlin, Boris and Korn, Edward L and Gray, Robert},
	Date-Added = {2014-09-29 13:55:47 +0000},
	Date-Modified = {2014-10-30 19:36:21 +0000},
	Journal = {Clin. Trials},
	Number = {1},
	Pages = {19--27},
	Publisher = {SAGE Publications},
	Title = {Marker sequential test (MaST) design},
	Volume = {11},
	Year = {2014}}

@article{freidlin2012randomized,
	Author = {Freidlin, Boris and McShane, Lisa M and Polley, Mei-Yin C and Korn, Edward L},
	Date-Added = {2014-09-29 13:55:50 +0000},
	Date-Modified = {2014-09-29 13:55:50 +0000},
	Journal = {J. Clin. Oncol.},
	Number = {26},
	Pages = {3304--3309},
	Publisher = {American Society of Clinical Oncology},
	Title = {Randomized phase II trial designs with biomarkers},
	Volume = {30},
	Year = {2012}}

@article{gail1985testing,
	Author = {Gail, M and Simon, R},
	Date-Added = {2014-10-20 14:14:34 +0000},
	Date-Modified = {2015-01-12 16:37:35 +0000},
	Journal = {Biometrics},
	Number = {2},
	Pages = {361--372},
	Publisher = {Biometric Society},
	Title = {Testing for qualitative interactions between treatment effects and patient subsets},
	Volume = {41},
	Year = {1985}}

@article{giltnane2004technology,
	Author = {Giltnane, Jena M and Rimm, David L},
	Date-Added = {2014-11-25 15:49:29 +0000},
	Date-Modified = {2014-11-25 15:49:29 +0000},
	Journal = {Nature clinical Practice oncology},
	Number = {2},
	Pages = {104--111},
	Publisher = {Nature Publishing Group},
	Title = {Technology insight: identification of biomarkers with tissue microarray technology},
	Volume = {1},
	Year = {2004}}

@article{goodsaid2006process,
	Author = {Goodsaid, Federico and Frueh, Felix},
	Date-Added = {2014-09-29 13:56:28 +0000},
	Date-Modified = {2014-09-29 13:56:28 +0000},
	Journal = {Pharmacogenomics},
	Number = {5},
	Pages = {773--782},
	Publisher = {Future Medicine Ltd},
	Title = {Process map proposal for the validation of genomic biomarkers},
	Volume = {7},
	Year = {2006}}

@article{griffioen2014emerging,
	Author = {Griffioen, AW and Weiss, A and Berndsen, RH and Abdul, UK and Te Winkel, MT and Nowak-Sliwinska, P},
	Date-Added = {2014-12-10 17:22:20 +0000},
	Date-Modified = {2014-12-10 17:22:20 +0000},
	Journal = {Biochemical Society transactions},
	Number = {6},
	Pages = {1608--1615},
	Title = {The emerging quest for the optimal angiostatic combination therapy.},
	Volume = {42},
	Year = {2014}}

@inproceedings{gutman2002regulatory,
	Author = {Gutman, Steven},
	Booktitle = {Seminars in oncology},
	Date-Added = {2014-11-25 15:49:19 +0000},
	Date-Modified = {2014-11-25 15:49:19 +0000},
	Number = {3},
	Organization = {WB Saunders},
	Pages = {294--300},
	Title = {Regulatory issues in tumor marker development},
	Volume = {29},
	Year = {2002}}

@article{hamilton2000contribution,
	Author = {Hamilton, A and Piccart, M},
	Date-Added = {2014-09-29 13:56:06 +0000},
	Date-Modified = {2014-09-29 13:56:06 +0000},
	Journal = {Ann. Oncol.},
	Number = {6},
	Pages = {647--663},
	Publisher = {Oxford University Press},
	Title = {The contribution of molecular markers to the prediction of response in the treatment of breast cancer: a review of the literature on HER-2, p53 and BCL-2},
	Volume = {11},
	Year = {2000}}

@inproceedings{hammond2002issues,
	Author = {Hammond, M Elizabeth H and Taube, Sheila E},
	Booktitle = {Seminars in oncology},
	Date-Added = {2014-11-25 15:50:01 +0000},
	Date-Modified = {2014-11-25 15:50:01 +0000},
	Number = {3},
	Organization = {WB Saunders},
	Pages = {213--221},
	Title = {Issues and barriers to development of clinically useful tumor markers: a development pathway proposal},
	Volume = {29},
	Year = {2002}}

@book{hastie2009elements,
	Author = {Hastie, T and Friedman, J and Tibshirani, R},
	Date-Added = {2014-09-30 13:26:57 +0000},
	Date-Modified = {2014-11-04 15:42:00 +0000},
	Number = {1},
	Publisher = {Springer},
	Title = {The elements of statistical learning},
	Volume = {2},
	Year = {2009}}

@article{hilden2014commentary,
	Author = {Hilden, J{\o}rgen},
	Date-Added = {2014-10-17 17:27:46 +0000},
	Date-Modified = {2014-10-17 17:27:46 +0000},
	Journal = {Epidemiology},
	Number = {2},
	Pages = {265--267},
	Publisher = {LWW},
	Title = {Commentary: On NRI, IDI, and Good-Looking Statistics with Nothing Underneath},
	Volume = {25},
	Year = {2014}}

@article{hilden2013note,
	Author = {Hilden, J{\o}rgen and Gerds, Thomas A},
	Date-Added = {2014-09-30 13:28:58 +0000},
	Date-Modified = {2014-10-30 19:38:23 +0000},
	Journal = {Stat. Med.},
	Number = {19},
	Pages = {3405--3414},
	Publisher = {John Wiley \& Sons, Ltd},
	Title = {A note on the evaluation of novel biomarkers: do not rely on integrated discrimination improvement and net reclassification index},
	Volume = {33},
	Year = {2013}}

@article{hoerl1970ridge,
	Author = {Hoerl, Arthur E and Kennard, Robert W},
	Date-Added = {2014-10-17 15:01:06 +0000},
	Date-Modified = {2014-10-17 15:01:06 +0000},
	Journal = {Technometrics},
	Number = {1},
	Pages = {55--67},
	Publisher = {Taylor \& Francis Group},
	Title = {Ridge regression: Biased estimation for nonorthogonal problems},
	Volume = {12},
	Year = {1970}}

@article{hoeting1999bayesian,
	Author = {Hoeting, Jennifer A and Madigan, David and Raftery, Adrian E and Volinsky, Chris T},
	Date-Added = {2014-10-17 15:07:56 +0000},
	Date-Modified = {2014-10-30 19:46:50 +0000},
	Journal = {Statistical science},
	Number = {4},
	Pages = {382--401},
	Publisher = {Institute of Mathematical Statistics},
	Title = {Bayesian model averaging: a tutorial},
	Volume = {14},
	Year = {1999}}

@article{isler2007analytical,
	Author = {Isler, Jennifer A and Vesterqvist, Ole E and Burczynski, Michael E},
	Date-Added = {2014-08-26 13:15:58 +0000},
	Date-Modified = {2014-10-30 19:33:27 +0000},
	Journal = {Pharmacogenomics},
	Number = {4},
	Pages = {339--352},
	Publisher = {Future Medicine Ltd},
	Title = {Analytical validation of genotyping assays in the biomarker laboratory},
	Volume = {8},
	Year = {2007}}

@article{iwamoto1996feasibility,
	Author = {Iwamoto, Keisuke S and Mizuno, Terumi and Ito, Takashi and Akiyama, Mitoshi and Takeichi, Nobuo and Mabuchi, Kiyohiko and Seyama, Toshio},
	Date-Added = {2014-09-30 13:14:24 +0000},
	Date-Modified = {2014-10-31 16:32:38 +0000},
	Journal = {The American journal of pathology},
	Number = {2},
	Pages = {399--406},
	Publisher = {American Society for Investigative Pathology},
	Title = {Feasibility of using decades-old archival tissues in molecular oncology/epidemiology.},
	Volume = {149},
	Year = {1996}}

@article{janes2014approach,
	Author = {Janes, Holly and Brown, Marshall D and Huang, Ying and Pepe, Margaret S},
	Date-Added = {2014-07-29 13:50:58 +0000},
	Date-Modified = {2014-07-29 13:50:58 +0000},
	Journal = {The international journal of biostatistics},
	Number = {1},
	Pages = {99--121},
	Title = {An approach to evaluating and comparing biomarkers for patient treatment selection},
	Volume = {10},
	Year = {2014}}

@article{janes2011measuring,
	Author = {Janes, Holly and Pepe, Margaret S and Bossuyt, Patrick M and Barlow, William E},
	Date-Added = {2014-07-29 13:37:15 +0000},
	Date-Modified = {2014-07-29 13:37:15 +0000},
	Journal = {Ann. Intern. Med.},
	Number = {4},
	Pages = {253--259},
	Publisher = {Am Coll Physicians},
	Title = {Measuring the performance of markers for guiding treatment decisions},
	Volume = {154},
	Year = {2011}}

@article{janssens2011strengthening,
	Author = {Janssens, A Cecile and Ioannidis, John and Bedrosian, Sara and Boffetta, Paolo and Dolan, Siobhan M and Dowling, Nicole and Fortier, Isabel and Freedman, Andrew N and Grimshaw, Jeremy M and Gulcher, Jeffrey and others},
	Date-Added = {2014-07-29 13:35:40 +0000},
	Date-Modified = {2014-07-29 13:35:40 +0000},
	Journal = {Eur. J. Clin. Invest.},
	Number = {9},
	Pages = {1010--1035},
	Publisher = {Wiley Online Library},
	Title = {Strengthening the reporting of genetic risk prediction studies (GRIPS): explanation and elaboration},
	Volume = {41},
	Year = {2011}}

@article{janssens2011strengtheningb,
	Author = {Janssens, A Cecile JW and Ioannidis, John PA and Van Duijn, Cornelia M and Little, Julian and Khoury, Muin J and others},
	Date-Added = {2014-07-29 13:35:50 +0000},
	Date-Modified = {2014-07-29 13:36:05 +0000},
	Journal = {Ann. Intern. Med.},
	Number = {6},
	Pages = {421},
	Title = {Strengthening the reporting of genetic risk prediction studies: the GRIPS statement},
	Volume = {154},
	Year = {2011}}

@article{jiang2007biomarker,
	Author = {Jiang, Wenyu and Freidlin, Boris and Simon, Richard},
	Date-Added = {2014-08-22 14:15:21 +0000},
	Date-Modified = {2014-08-22 14:15:21 +0000},
	Journal = {J. Natl. Cancer Inst.},
	Number = {13},
	Pages = {1036--1043},
	Publisher = {Oxford University Press},
	Title = {Biomarker-adaptive threshold design: a procedure for evaluating treatment with possible biomarker-defined subset effect},
	Volume = {99},
	Year = {2007}}

@article{kang2014combining,
	Author = {Kang, Chaeryon and Janes, Holly and Huang, Ying},
	Date-Added = {2014-08-26 13:05:40 +0000},
	Date-Modified = {2014-08-26 13:05:40 +0000},
	Journal = {Biometrics},
	Number = {3},
	Pages = {695--707},
	Title = {Combining biomarkers to optimize patient treatment recommendations},
	Volume = {70},
	Year = {2014}}

@article{kerr2014net,
	Author = {Kerr, Kathleen F and Wang, Zheyu and Janes, Holly and McClelland, Robyn L and Psaty, Bruce M and Pepe, Margaret S},
	Date-Added = {2014-10-17 17:27:48 +0000},
	Date-Modified = {2014-10-17 17:27:48 +0000},
	Journal = {Epidemiology},
	Number = {1},
	Pages = {114--121},
	Publisher = {LWW},
	Title = {Net reclassification indices for evaluating risk prediction instruments: a critical review},
	Volume = {25},
	Year = {2014}}

@article{knezevic2013analytical,
	Author = {Knezevic, Dejan and Goddard, Audrey D and Natraj, Nisha and Cherbavaz, Diana B and Clark-Langone, Kim M and Snable, Jay and Watson, Drew and Falzarano, Sara M and Magi-Galluzzi, Cristina and Klein, Eric A and others},
	Date-Added = {2014-08-26 13:15:57 +0000},
	Date-Modified = {2014-08-26 13:15:57 +0000},
	Journal = {BMC genomics},
	Number = {1},
	Pages = {690},
	Publisher = {BioMed Central Ltd},
	Title = {Analytical validation of the Oncotype DX prostate cancer assay--a clinical RT-PCR assay optimized for prostate needle biopsies},
	Volume = {14},
	Year = {2013}}

@article{lee2008mistakes,
	Author = {Lee, Sunho},
	Date-Added = {2014-07-29 13:30:57 +0000},
	Date-Modified = {2014-10-30 19:43:34 +0000},
	Journal = {Stat. Methods Med. Res.},
	Number = {6},
	Pages = {635--642},
	Publisher = {SAGE Publications},
	Title = {Mistakes in validating the accuracy of a prediction classifier in high-dimensional butsmall-sample microarray data},
	Volume = {17},
	Year = {2008}}

@article{leek2010tackling,
	Author = {Leek, Jeffrey T and Scharpf, Robert B and Bravo, H{\'e}ctor Corrada and Simcha, David and Langmead, Benjamin and Johnson, W Evan and Geman, Donald and Baggerly, Keith and Irizarry, Rafael A},
	Date-Added = {2014-07-29 13:33:41 +0000},
	Date-Modified = {2014-07-29 13:33:41 +0000},
	Journal = {Nat. Rev. Genet.},
	Number = {10},
	Pages = {733--739},
	Publisher = {Nature Publishing Group},
	Title = {Tackling the widespread and critical impact of batch effects in high-throughput data},
	Volume = {11},
	Year = {2010}}

@article{ludwig2005biomarkers,
	Author = {Ludwig, Joseph A and Weinstein, John N},
	Date-Added = {2014-11-25 15:49:34 +0000},
	Date-Modified = {2014-11-25 15:49:34 +0000},
	Journal = {Nature Reviews Cancer},
	Number = {11},
	Pages = {845--856},
	Publisher = {Nature Publishing Group},
	Title = {Biomarkers in cancer staging, prognosis and treatment selection},
	Volume = {5},
	Year = {2005}}

@article{mackey2013sample,
	Author = {Mackey, Howard M and Bengtsson, Thomas},
	Date-Added = {2014-07-29 13:56:23 +0000},
	Date-Modified = {2014-07-29 13:56:23 +0000},
	Journal = {Contemp. Clin. Trials},
	Number = {2},
	Pages = {664--672},
	Publisher = {Elsevier},
	Title = {Sample size and threshold estimation for clinical trials with predictive biomarkers},
	Volume = {36},
	Year = {2013}}

@article{van2008effects,
	Author = {van Maldegem, Febe and de Wit, Mireille and Morsink, Folkert and Musler, Alex and Weegenaar, Jitske and van Noesel, Carel JM},
	Date-Added = {2014-09-30 13:14:21 +0000},
	Date-Modified = {2014-09-30 13:14:21 +0000},
	Journal = {Diagn. Mol. Pathol.},
	Number = {1},
	Pages = {51--58},
	Publisher = {LWW},
	Title = {Effects of processing delay, formalin fixation, and immunohistochemistry on RNA recovery from formalin-fixed paraffin-embedded tissue sections},
	Volume = {17},
	Year = {2008}}

@article{mandrekar2013review,
	Author = {Mandrekar, Sumithra J and An, Ming-Wen and Sargent, Daniel J},
	Date-Added = {2014-09-29 13:55:46 +0000},
	Date-Modified = {2014-09-29 13:55:46 +0000},
	Journal = {Contemp. Clin. Trials},
	Number = {2},
	Pages = {597--604},
	Publisher = {Elsevier},
	Title = {A review of phase II trial designs for initial marker validation},
	Volume = {36},
	Year = {2013}}

@article{mandrekar2005clinical,
	Author = {Mandrekar, Sumithra J and Grothey, Axel and Goetz, Matthew P and Sargent, Daniel J},
	Date-Added = {2014-08-26 13:16:12 +0000},
	Date-Modified = {2014-08-26 13:16:12 +0000},
	Journal = {Am. J. Pharmacogenomics},
	Number = {5},
	Pages = {317--325},
	Publisher = {Springer International Publishing},
	Title = {Clinical trial designs for prospective validation of biomarkers},
	Volume = {5},
	Year = {2005}}

@article{mandrekar2010predictive,
	Author = {Mandrekar, Sumithra J and Sargent, Daniel J},
	Date-Added = {2014-08-22 14:08:40 +0000},
	Date-Modified = {2014-08-22 14:08:40 +0000},
	Journal = {Clin. Trials},
	Number = {5},
	Pages = {567--573},
	Publisher = {SAGE Publications},
	Title = {Predictive biomarker validation in practice: lessons from real trials},
	Volume = {7},
	Year = {2010}}

@article{mandrekar2009clinical,
	Author = {Mandrekar, Sumithra J and Sargent, Daniel J},
	Date-Added = {2014-07-29 13:41:43 +0000},
	Date-Modified = {2014-07-29 13:41:43 +0000},
	Journal = {J. Clin. Oncol.},
	Number = {24},
	Pages = {4027--4034},
	Publisher = {American Society of Clinical Oncology},
	Title = {Clinical trial designs for predictive biomarker validation: theoretical considerations and practical challenges},
	Volume = {27},
	Year = {2009}}

@article{mcshane2013criteria,
	Author = {McShane, Lisa M and Cavenagh, Margaret M and Lively, Tracy G and Eberhard, David A and Bigbee, William L and Williams, P Mickey and Mesirov, Jill P and Polley, Mei-Yin C and Kim, Kelly Y and Tricoli, James V and others},
	Date-Added = {2014-07-29 13:39:13 +0000},
	Date-Modified = {2015-01-12 16:33:52 +0000},
	Journal = {BMC Med.},
	Number = {220},
	Pages = {doi:10.1186/1741-7015-11-220},
	Publisher = {BioMed Central Ltd},
	Title = {Criteria for the use of omics-based predictors in clinical trials: explanation and elaboration},
	Volume = {11},
	Year = {2013}}

@article{mcshane2013criteriab,
	Author = {McShane, Lisa M and Cavenagh, Margaret M and Lively, Tracy G and Eberhard, David A and Bigbee, William L and Williams, P Mickey and Mesirov, Jill P and Polley, Mei-Yin C and Kim, Kelly Y and Tricoli, James V and others},
	Date-Added = {2014-07-29 13:39:12 +0000},
	Date-Modified = {2014-07-29 13:39:21 +0000},
	Journal = {Nature},
	Number = {7471},
	Pages = {317--320},
	Publisher = {Nature Publishing Group},
	Title = {Criteria for the use of omics-based predictors in clinical trials},
	Volume = {502},
	Year = {2013}}

@article{mcshane2012publication,
	Author = {McShane, Lisa M and Hayes, Daniel F},
	Date-Added = {2014-09-30 17:55:43 +0000},
	Date-Modified = {2014-09-30 17:55:43 +0000},
	Journal = {J. Clin. Oncol.},
	Number = {34},
	Pages = {4223--4232},
	Publisher = {American Society of Clinical Oncology},
	Title = {Publication of tumor marker research results: The necessity for complete and transparent reporting},
	Volume = {30},
	Year = {2012}}

@article{mcshane2009effective,
	Author = {McShane, Lisa M and Hunsberger, Sally and Adjei, Alex A},
	Date-Added = {2014-08-22 14:20:01 +0000},
	Date-Modified = {2014-08-22 14:20:01 +0000},
	Journal = {Clin. Cancer Res.},
	Number = {6},
	Pages = {1898--1905},
	Publisher = {AACR},
	Title = {Effective incorporation of biomarkers into phase II trials},
	Volume = {15},
	Year = {2009}}

@article{mcshane2013development,
	Author = {McShane, Lisa M and Polley, Mei-Yin C},
	Date-Added = {2014-07-29 13:46:43 +0000},
	Date-Modified = {2014-07-29 13:46:43 +0000},
	Journal = {Clin. Trials},
	Number = {5},
	Pages = {653--665},
	Publisher = {SAGE Publications},
	Title = {Development of omics-based clinical tests for prognosis and therapy selection: The challenge of achieving statistical robustness and clinical utility},
	Volume = {10},
	Year = {2013}}

@article{moons2012riskII,
	Author = {Moons, Karel GM and Kengne, Andre Pascal and Grobbee, Diederick E and Royston, Patrick and Vergouwe, Yvonne and Altman, Douglas G and Woodward, Mark},
	Date-Added = {2014-07-29 13:36:31 +0000},
	Date-Modified = {2014-07-29 13:36:44 +0000},
	Journal = {Heart},
	Pages = {heartjnl--2011},
	Publisher = {BMJ Publishing Group Ltd and British Cardiovascular Society},
	Title = {Risk prediction models: II. External validation, model updating, and impact assessment},
	Year = {2012}}

@article{moons2012riskI,
	Author = {Moons, Karel GM and Kengne, Andre Pascal and Woodward, Mark and Royston, Patrick and Vergouwe, Yvonne and Altman, Douglas G and Grobbee, Diederick E},
	Date-Added = {2014-07-29 13:36:35 +0000},
	Date-Modified = {2014-07-29 13:36:51 +0000},
	Journal = {Heart},
	Number = {9},
	Pages = {683--690},
	Publisher = {BMJ Publishing Group Ltd and British Cardiovascular Society},
	Title = {Risk prediction models: I. Development, internal validation, and assessing the incremental value of a new (bio) marker},
	Volume = {98},
	Year = {2012}}

@article{morita2014biomarker,
	Author = {Morita, Satoshi and Yamamoto, Hideharu and Sugitani, Yasuo},
	Date-Added = {2014-09-30 12:09:41 +0000},
	Date-Modified = {2014-10-30 19:35:33 +0000},
	Journal = {Stat. Med.},
	Number = {23},
	Pages = {4008--4016},
	Publisher = {John Wiley \& Sons, Ltd},
	Title = {Biomarker-based Bayesian randomized phase II clinical trial design to identify a sensitive patient subpopulation},
	Volume = {33},
	Year = {2014}}

@article{paik2004multigene,
	Author = {Paik, Soonmyung and Shak, Steven and Tang, Gong and Kim, Chungyeul and Baker, Joffre and Cronin, Maureen and Baehner, Frederick L and Walker, Michael G and Watson, Drew and Park, Taesung and others},
	Date-Added = {2014-11-25 15:49:07 +0000},
	Date-Modified = {2014-11-25 15:49:07 +0000},
	Journal = {New England Journal of Medicine},
	Number = {27},
	Pages = {2817--2826},
	Publisher = {Massachusetts Medical Society},
	Title = {A multigene assay to predict recurrence of tamoxifen-treated, node-negative breast cancer},
	Volume = {351},
	Year = {2004}}

@article{palta1985investigating,
	Author = {Palta, Mari},
	Date-Added = {2014-11-25 16:33:04 +0000},
	Date-Modified = {2015-01-12 16:32:11 +0000},
	Journal = {Biometrics},
	Number = {2},
	Pages = {497--504},
	Publisher = {Biometric Society},
	Title = {Investigating maximum power losses in survival studies with nonstratified randomization},
	Volume = {41},
	Year = {1985}}

@article{pennello2013analytical,
	Author = {Pennello, Gene A},
	Date-Added = {2014-07-29 13:47:02 +0000},
	Date-Modified = {2014-10-30 19:42:53 +0000},
	Journal = {Clin. Trials},
	Number = {5},
	Pages = {653--665},
	Publisher = {SAGE Publications},
	Title = {Analytical and clinical evaluation of biomarkers assays: When are biomarkers ready for prime time?},
	Volume = {10},
	Year = {2013}}

@article{pepe2011problems,
	Author = {Pepe, Margaret S},
	Date-Added = {2014-09-30 12:22:25 +0000},
	Date-Modified = {2014-10-30 19:55:48 +0000},
	Journal = {Am. J. Epidemiol.},
	Number = {11},
	Pages = {1327--1335},
	Publisher = {Oxford University Press},
	Title = {Problems with risk reclassification methods for evaluating prediction models},
	Volume = {173},
	Year = {2011}}

@book{pepe2003statistical,
	Author = {Pepe, Margaret Sullivan},
	Date-Added = {2014-10-17 18:18:37 +0000},
	Date-Modified = {2014-10-17 18:18:37 +0000},
	Publisher = {Oxford University Press},
	Title = {The statistical evaluation of medical tests for classification and prediction},
	Year = {2003}}

@article{pepe2001phases,
	Author = {Pepe, Margaret Sullivan and Etzioni, Ruth and Feng, Ziding and Potter, John D and Thompson, Mary Lou and Thornquist, Mark and Winget, Marcy and Yasui, Yutaka},
	Date-Added = {2014-12-04 15:14:30 +0000},
	Date-Modified = {2014-12-04 15:14:30 +0000},
	Journal = {Journal of the National Cancer Institute},
	Number = {14},
	Pages = {1054--1061},
	Publisher = {Oxford University Press},
	Title = {Phases of biomarker development for early detection of cancer},
	Volume = {93},
	Year = {2001}}

@article{pepe2008pivotal,
	Author = {Pepe, Margaret S and Feng, Ziding and Janes, Holly and Bossuyt, Patrick M and Potter, John D},
	Date-Added = {2014-07-29 13:50:48 +0000},
	Date-Modified = {2014-07-29 13:50:48 +0000},
	Journal = {J. Natl. Cancer Inst.},
	Number = {20},
	Pages = {1432--1438},
	Publisher = {Oxford University Press},
	Title = {Pivotal evaluation of the accuracy of a biomarker used for classification or prediction: standards for study design},
	Volume = {100},
	Year = {2008}}

@article{pepe2014net,
	Author = {Pepe, Margaret S and Janes, Holly and Li, Christopher I},
	Date-Added = {2014-10-17 17:27:48 +0000},
	Date-Modified = {2014-10-30 19:57:53 +0000},
	Journal = {J. Natl. Cancer Inst.},
	Number = {4},
	Pages = {doi:10.1093/jnci/dju041},
	Publisher = {Oxford University Press},
	Title = {Net risk reclassification p values: Valid or misleading?},
	Volume = {106},
	Year = {2014}}

@article{pepe2004limitations,
	Author = {Pepe, Margaret Sullivan and Janes, Holly and Longton, Gary and Leisenring, Wendy and Newcomb, Polly},
	Date-Added = {2014-10-17 17:33:30 +0000},
	Date-Modified = {2014-10-17 17:33:30 +0000},
	Journal = {Am. J. Epidemiol.},
	Number = {9},
	Pages = {882--890},
	Publisher = {Oxford Univ Press},
	Title = {Limitations of the odds ratio in gauging the performance of a diagnostic, prognostic, or screening marker},
	Volume = {159},
	Year = {2004}}

@article{pepe2013testing,
	Author = {Pepe, Margaret Sullivan and Kerr, Kathleen F and Longton, Gary and Wang, Zheyu},
	Date-Added = {2014-07-29 13:38:27 +0000},
	Date-Modified = {2014-07-29 13:38:27 +0000},
	Journal = {Stat. Med.},
	Number = {9},
	Pages = {1467--1482},
	Publisher = {Wiley Online Library},
	Title = {Testing for improvement in prediction model performance},
	Volume = {32},
	Year = {2013}}

@article{peterson1993sample,
	Author = {Peterson, Bercedis and George, Stephen L},
	Date-Added = {2014-09-30 14:10:28 +0000},
	Date-Modified = {2014-10-30 19:57:20 +0000},
	Journal = {Control. Clin. Trials},
	Number = {6},
	Pages = {511--522},
	Publisher = {Elsevier},
	Title = {Sample size requirements and length of study for testing interaction in a 1 x k factorial design when time-to-failure is the outcome},
	Volume = {14},
	Year = {1993}}

@article{polley2013statistical,
	Author = {Polley, Mei-Yin C and Freidlin, Boris and Korn, Edward L and Conley, Barbara A and Abrams, Jeffrey S and McShane, Lisa M},
	Date-Added = {2014-07-29 13:49:11 +0000},
	Date-Modified = {2014-07-29 13:49:11 +0000},
	Journal = {J. Natl. Cancer Inst.},
	Number = {22},
	Pages = {1677--1683},
	Publisher = {Oxford University Press},
	Title = {Statistical and practical considerations for clinical evaluation of predictive biomarkers},
	Volume = {105},
	Year = {2013}}

@electronic{rrt,
	Author = {{Revolution Analytics, Inc}},
	Date-Modified = {2014-12-12 20:21:26 +0000},
	Howpublished = {http://projects.revolutionanalytics.com/documents/rrt/rrtpkgs/},
	Language = {English},
	Owner = {sachsmc},
	Timestamp = {2014.12.10},
	Title = {Reproducible R Toolkit},
	Url = {http://projects.revolutionanalytics.com/documents/rrt/rrtpkgs/},
	Year = {2014},
	Bdsk-Url-1 = {http://projects.revolutionanalytics.com/documents/rrt/rrtpkgs/}}

@electronic{packrat,
	Author = {{Rstudio, Inc}},
	Date-Modified = {2014-12-12 20:22:42 +0000},
	Howpublished = {http://rstudio.github.io/packrat},
	Language = {English},
	Owner = {sachsmc},
	Timestamp = {2014.12.10},
	Title = {Reproducible Package Management for R},
	Year = {2014},
	Bdsk-Url-1 = {http://rstudio.github.io/packrat}}

@article{sargent2013statistical,
	Author = {Sargent, Daniel J and Mandrekar, Sumithra J},
	Date-Added = {2014-08-22 14:09:24 +0000},
	Date-Modified = {2014-08-22 14:09:24 +0000},
	Journal = {Clin. Trials},
	Number = {5},
	Pages = {647--652},
	Publisher = {SAGE Publications},
	Title = {Statistical issues in the validation of prognostic, predictive, and surrogate biomarkers},
	Volume = {10},
	Year = {2013}}

@article{sawyers2008cancer,
	Author = {Sawyers, Charles L},
	Date-Added = {2014-09-29 14:00:27 +0000},
	Date-Modified = {2014-09-29 14:00:27 +0000},
	Journal = {Nature},
	Number = {7187},
	Pages = {548--552},
	Publisher = {Nature Publishing Group},
	Title = {The cancer biomarker problem},
	Volume = {452},
	Year = {2008}}

@article{seshan2013comparing,
	Author = {Seshan, Venkatraman E and G{\"o}nen, Mithat and Begg, Colin B},
	Date-Added = {2014-09-30 18:28:02 +0000},
	Date-Modified = {2014-09-30 18:28:02 +0000},
	Journal = {Stat. Med.},
	Number = {9},
	Pages = {1483--1493},
	Publisher = {Wiley Online Library},
	Title = {Comparing ROC curves derived from regression models},
	Volume = {32},
	Year = {2013}}

@article{simon2008use,
	Author = {Simon, Richard},
	Date-Added = {2014-08-22 14:21:40 +0000},
	Date-Modified = {2014-08-22 14:21:40 +0000},
	Journal = {Clin. Cancer Res.},
	Number = {19},
	Pages = {5984--5993},
	Publisher = {AACR},
	Title = {The use of genomics in clinical trial design},
	Volume = {14},
	Year = {2008}}

@article{simon1994statistical,
	Author = {Simon, R and Altman, David G},
	Date-Added = {2014-12-04 15:15:06 +0000},
	Date-Modified = {2014-12-04 15:15:06 +0000},
	Journal = {British Journal of Cancer},
	Number = {6},
	Pages = {979},
	Publisher = {Nature Publishing Group},
	Title = {Statistical aspects of prognostic factor studies in oncology.},
	Volume = {69},
	Year = {1994}}

@article{simon2003pitfalls,
	Author = {Simon, Richard and Radmacher, Michael D and Dobbin, Kevin and McShane, Lisa M},
	Date-Added = {2014-09-30 14:17:20 +0000},
	Date-Modified = {2014-09-30 14:17:20 +0000},
	Journal = {J. Natl. Cancer Inst.},
	Number = {1},
	Pages = {14--18},
	Publisher = {Oxford University Press},
	Title = {Pitfalls in the use of DNA microarray data for diagnostic and prognostic classification},
	Volume = {95},
	Year = {2003}}

@article{simon2006use,
	Author = {Simon, R and Wang, SJ},
	Date-Added = {2014-08-22 14:21:00 +0000},
	Date-Modified = {2014-08-22 14:21:00 +0000},
	Journal = {The pharmacogenomics journal},
	Number = {3},
	Pages = {166--173},
	Publisher = {Nature Publishing Group},
	Title = {Use of genomic signatures in therapeutics development in oncology and other diseases},
	Volume = {6},
	Year = {2006}}

@article{simon2009use,
	Author = {Simon, Richard M and Paik, Soonmyung and Hayes, Daniel F},
	Date-Added = {2014-07-29 13:50:17 +0000},
	Date-Modified = {2014-07-29 13:50:17 +0000},
	Journal = {J. Natl. Cancer Inst.},
	Number = {21},
	Pages = {1446--1452},
	Publisher = {Oxford University Press},
	Title = {Use of archived specimens in evaluation of prognostic and predictive biomarkers},
	Volume = {101},
	Year = {2009}}

@article{soneson2014batch,
	Author = {Soneson, Charlotte and Gerster, Sarah and Delorenzi, Mauro},
	Date-Added = {2014-07-29 13:34:00 +0000},
	Date-Modified = {2014-07-29 13:34:00 +0000},
	Journal = {PloS one},
	Number = {6},
	Pages = {e100335},
	Publisher = {Public Library of Science},
	Title = {Batch Effect Confounding Leads to Strong Bias in Performance Estimates Obtained by Cross-Validation},
	Volume = {9},
	Year = {2014}}

@article{song2004evaluating,
	Author = {Song, Xiao and Pepe, Margaret Sullivan},
	Date-Added = {2014-09-30 12:22:15 +0000},
	Date-Modified = {2014-09-30 12:22:15 +0000},
	Journal = {Biometrics},
	Number = {4},
	Pages = {874--883},
	Publisher = {Blackwell Publishing},
	Title = {Evaluating markers for selecting a patient's treatment},
	Volume = {60},
	Year = {2004}}

@article{song2011evaluating,
	Author = {Song, Xiao and Zhou, Xiao-Hua},
	Date-Added = {2014-09-30 12:22:16 +0000},
	Date-Modified = {2014-09-30 12:22:16 +0000},
	Journal = {Stat. Med.},
	Number = {18},
	Pages = {2251--2264},
	Publisher = {John Wiley \& Sons, Ltd.},
	Title = {Evaluating markers for treatment selection based on survival time},
	Volume = {30},
	Year = {2011}}

@article{specht2001quantitative,
	Author = {Specht, Katja and Richter, Thomas and M{\"u}ller, Ulrike and Walch, Axel and Werner, Martin and H{\"o}fler, Heinz},
	Date-Added = {2014-09-30 13:14:22 +0000},
	Date-Modified = {2014-09-30 13:14:22 +0000},
	Journal = {The American journal of pathology},
	Number = {2},
	Pages = {419--429},
	Publisher = {Elsevier},
	Title = {Quantitative gene expression analysis in microdissected archival formalin-fixed and paraffin-embedded tumor tissue},
	Volume = {158},
	Year = {2001}}

@article{srinivasan2002effect,
	Author = {Srinivasan, Mythily and Sedmak, Daniel and Jewell, Scott},
	Date-Added = {2014-09-30 13:14:20 +0000},
	Date-Modified = {2014-09-30 13:14:20 +0000},
	Journal = {The American journal of pathology},
	Number = {6},
	Pages = {1961--1971},
	Publisher = {Elsevier},
	Title = {Effect of fixatives and tissue processing on the content and integrity of nucleic acids},
	Volume = {161},
	Year = {2002}}

@article{tibshirani1996regression,
	Author = {Tibshirani, Robert},
	Date-Added = {2014-10-17 15:01:07 +0000},
	Date-Modified = {2014-10-30 19:47:28 +0000},
	Journal = {Journal of the Royal Statistical Society. Series B (Methodological)},
	Number = {1},
	Pages = {267--288},
	Publisher = {Blackwell Publishers},
	Title = {Regression shrinkage and selection via the lasso},
	Volume = {58},
	Year = {1996}}

@article{varma2006bias,
	Author = {Varma, Sudhir and Simon, Richard},
	Date-Added = {2014-07-29 13:34:21 +0000},
	Date-Modified = {2014-07-29 13:34:21 +0000},
	Journal = {BMC bioinformatics},
	Number = {1},
	Pages = {91},
	Publisher = {BioMed Central Ltd},
	Title = {Bias in error estimation when using cross-validation for model selection},
	Volume = {7},
	Year = {2006}}

@article{voskoglou2003clinical,
	Author = {Voskoglou-Nomikos, Theodora and Pater, Joseph L and Seymour, Lesley},
	Date-Added = {2014-12-04 15:36:02 +0000},
	Date-Modified = {2014-12-04 15:36:02 +0000},
	Journal = {Clinical Cancer Research},
	Number = {11},
	Pages = {4227--4239},
	Publisher = {American Association for Cancer Research},
	Title = {Clinical predictive value of the in vitro cell line, human xenograft, and mouse allograft preclinical cancer models},
	Volume = {9},
	Year = {2003}}

@article{werner2000effect,
	Author = {Werner, Martin and Chott, Andreas and Fabiano, Alfredo and Battifora, Hector},
	Date-Added = {2014-09-30 13:14:19 +0000},
	Date-Modified = {2014-09-30 13:14:19 +0000},
	Journal = {The American journal of surgical pathology},
	Number = {7},
	Pages = {1016--1019},
	Publisher = {LWW},
	Title = {Effect of formalin tissue fixation and processing on immunohistochemistry},
	Volume = {24},
	Year = {2000}}

@article{wray2013pitfalls,
	Author = {Wray, Naomi R and Yang, Jian and Hayes, Ben J and Price, Alkes L and Goddard, Michael E and Visscher, Peter M},
	Date-Added = {2014-09-30 18:38:32 +0000},
	Date-Modified = {2014-09-30 18:38:32 +0000},
	Journal = {Nat. Rev. Genet.},
	Number = {7},
	Pages = {507--515},
	Publisher = {Nature Publishing Group},
	Title = {Pitfalls of predicting complex traits from SNPs},
	Volume = {14},
	Year = {2013}}

@article{yeung2005bayesian,
	Author = {Yeung, Ka Yee and Bumgarner, Roger E and Raftery, Adrian E},
	Date-Added = {2014-10-17 15:08:07 +0000},
	Date-Modified = {2014-10-17 15:08:07 +0000},
	Journal = {Bioinformatics},
	Number = {10},
	Pages = {2394--2402},
	Publisher = {Oxford University Press},
	Title = {Bayesian model averaging: development of an improved multi-class, gene selection and classification tool for microarray data},
	Volume = {21},
	Year = {2005}}

@article{zelen1974randomization,
	Author = {Zelen, Marvin},
	Date-Added = {2014-11-25 16:19:01 +0000},
	Date-Modified = {2014-11-25 16:19:01 +0000},
	Journal = {Journal of chronic diseases},
	Number = {7},
	Pages = {365--375},
	Publisher = {Elsevier},
	Title = {The randomization and stratification of patients to clinical trials},
	Volume = {27},
	Year = {1974}}

@article{zou2005regularization,
	Author = {Zou, Hui and Hastie, Trevor},
	Date-Added = {2014-10-17 15:01:05 +0000},
	Date-Modified = {2014-10-17 15:01:05 +0000},
	Journal = {Journal of the Royal Statistical Society: Series B (Statistical Methodology)},
	Number = {2},
	Pages = {301--320},
	Publisher = {Blackwell Publishing Ltd},
	Title = {Regularization and variable selection via the elastic net},
	Volume = {67},
	Year = {2005}}
