%% This BibTeX bibliography file was created using BibDesk.
%% http://bibdesk.sourceforge.net/


%% Created for Sachs, Michael (NIH/NCI) [E] at 2016-05-20 15:41:04 -0400 


%% Saved with string encoding Unicode (UTF-8) 


@string{macro = {definition}}


@article{mcshane2013criteriab,
	Author = {McShane, Lisa M and Cavenagh, Margaret M and Lively, Tracy G and Eberhard, David A and Bigbee, William L and Williams, P Mickey and Mesirov, Jill P and Polley, Mei-Yin C and Kim, Kelly Y and Tricoli, James V and others},
	Date-Added = {2016-05-20 19:40:14 +0000},
	Date-Modified = {2016-05-20 19:41:02 +0000},
	Journal = {Nature},
	Pages = {317--320},
	Title = {Criteria for the use of omics-based predictors in clinical trials},
	Volume = {502},
	Year = {2013}}

@article{mcshane2013criteria,
	Author = {McShane, Lisa M and Cavenagh, Margaret M and Lively, Tracy G and Eberhard, David A and Bigbee, William L and Williams, P Mickey and Mesirov, Jill P and Polley, Mei-Yin C and Kim, Kelly Y and Tricoli, James V and others},
	Date-Added = {2016-05-20 19:35:43 +0000},
	Date-Modified = {2016-05-20 19:35:43 +0000},
	Journal = {BMC medicine},
	Number = {1},
	Pages = {220},
	Publisher = {BioMed Central Ltd},
	Title = {Criteria for the use of omics-based predictors in clinical trials: explanation and elaboration},
	Volume = {11},
	Year = {2013}}

@manual{arr,
	Address = {Vienna, Austria},
	Author = {{R Core Team}},
	Organization = {R Foundation for Statistical Computing},
	Title = {R: A Language and Environment for Statistical Computing},
	Url = {https://www.R-project.org/},
	Year = {2016},
	Bdsk-Url-1 = {https://www.R-project.org/}}

@article{dobbin2007sample,
	Author = {Dobbin, Kevin K and Simon, Richard M},
	Date-Added = {2016-05-18 13:44:25 +0000},
	Date-Modified = {2016-05-18 13:44:25 +0000},
	Journal = {Biostatistics},
	Number = {1},
	Pages = {101--117},
	Publisher = {Biometrika Trust},
	Title = {Sample size planning for developing classifiers using high-dimensional DNA microarray data},
	Volume = {8},
	Year = {2007}}

@article{subramanian2010gene,
	Author = {Subramanian, Jyothi and Simon, Richard},
	Date-Added = {2016-05-18 13:34:48 +0000},
	Date-Modified = {2016-05-18 13:34:48 +0000},
	Journal = {Journal of the National Cancer Institute},
	Number = {7},
	Pages = {464--474},
	Publisher = {Oxford University Press},
	Title = {Gene expression--based prognostic signatures in lung cancer: ready for clinical use?},
	Volume = {102},
	Year = {2010}}

@article{alizadeh2000distinct,
	Author = {Alizadeh, Ash A and Eisen, Michael B and Davis, R Eric and Ma, Chi and Lossos, Izidore S and Rosenwald, Andreas and Boldrick, Jennifer C and Sabet, Hajeer and Tran, Truc and Yu, Xin and others},
	Date-Added = {2016-05-18 13:33:53 +0000},
	Date-Modified = {2016-05-18 13:33:53 +0000},
	Journal = {Nature},
	Number = {6769},
	Pages = {503--511},
	Publisher = {Nature Publishing Group},
	Title = {Distinct types of diffuse large B-cell lymphoma identified by gene expression profiling},
	Volume = {403},
	Year = {2000}}

@article{dobbin2011optimally,
	Author = {Dobbin, Kevin K and Simon, Richard M},
	Date-Added = {2014-12-30 21:09:35 +0000},
	Date-Modified = {2014-12-30 21:09:35 +0000},
	Journal = {BMC medical genomics},
	Number = {1},
	Pages = {31},
	Publisher = {BioMed Central Ltd},
	Title = {Optimally splitting cases for training and testing high dimensional classifiers},
	Volume = {4},
	Year = {2011}}

@article{edgar2002gene,
	Author = {Edgar, Ron and Domrachev, Michael and Lash, Alex E},
	Date-Added = {2016-02-04 13:50:36 +0000},
	Date-Modified = {2016-02-04 13:50:36 +0000},
	Journal = {Nucleic acids research},
	Number = {1},
	Pages = {207--210},
	Publisher = {Oxford Univ Press},
	Title = {Gene Expression Omnibus: NCBI gene expression and hybridization array data repository},
	Volume = {30},
	Year = {2002}}

@article{efron1997improvements,
	Author = {Efron, Bradley and Tibshirani, Robert},
	Date-Added = {2016-02-04 15:43:53 +0000},
	Date-Modified = {2016-02-04 15:43:53 +0000},
	Journal = {Journal of the American Statistical Association},
	Number = {438},
	Pages = {548--560},
	Publisher = {Taylor \& Francis},
	Title = {Improvements on cross-validation: the 632+ bootstrap method},
	Volume = {92},
	Year = {1997}}

@book{hastie2009elements,
	Author = {Hastie, T and Friedman, J and Tibshirani, R},
	Date-Added = {2014-09-30 13:26:57 +0000},
	Date-Modified = {2014-11-04 15:42:00 +0000},
	Number = {1},
	Publisher = {Springer},
	Title = {The elements of statistical learning},
	Volume = {2},
	Year = {2009}}

@misc{leeksva,
	Author = {Leek, JT and Johnson, WE and Parker, HS and Fertig, EJ and Jaffe, AE and Storey, JD},
	Date-Added = {2016-02-04 13:53:33 +0000},
	Date-Modified = {2016-02-04 14:46:42 +0000},
	Title = {sva: Surrogate Variable Analysis. R package version 3.18.0},
	Year = {2016}}

@article{moons2012riskI,
	Author = {Moons, Karel GM and Kengne, Andre Pascal and Woodward, Mark and Royston, Patrick and Vergouwe, Yvonne and Altman, Douglas G and Grobbee, Diederick E},
	Date-Added = {2014-07-29 13:36:35 +0000},
	Date-Modified = {2014-07-29 13:36:51 +0000},
	Journal = {Heart},
	Number = {9},
	Pages = {683--690},
	Publisher = {BMJ Publishing Group Ltd and British Cardiovascular Society},
	Title = {Risk prediction models: I. Development, internal validation, and assessing the incremental value of a new (bio) marker},
	Volume = {98},
	Year = {2012}}

@article{nielsen2010comparison,
	Author = {Nielsen, Torsten O and Parker, Joel S and Leung, Samuel and Voduc, David and Ebbert, Mark and Vickery, Tammi and Davies, Sherri R and Snider, Jacqueline and Stijleman, Inge J and Reed, Jerry and others},
	Date-Added = {2016-05-09 16:43:46 +0000},
	Date-Modified = {2016-05-09 16:43:46 +0000},
	Journal = {Clinical Cancer Research},
	Number = {21},
	Pages = {5222--5232},
	Publisher = {AACR},
	Title = {A comparison of PAM50 intrinsic subtyping with immunohistochemistry and clinical prognostic factors in tamoxifen-treated estrogen receptor--positive breast cancer},
	Volume = {16},
	Year = {2010}}

@article{paik2004multigene,
	Author = {Paik, Soonmyung and Shak, Steven and Tang, Gong and Kim, Chungyeul and Baker, Joffre and Cronin, Maureen and Baehner, Frederick L and Walker, Michael G and Watson, Drew and Park, Taesung and others},
	Date-Added = {2014-11-25 15:49:07 +0000},
	Date-Modified = {2014-11-25 15:49:07 +0000},
	Journal = {New England Journal of Medicine},
	Number = {27},
	Pages = {2817--2826},
	Publisher = {Massachusetts Medical Society},
	Title = {A multigene assay to predict recurrence of tamoxifen-treated, node-negative breast cancer},
	Volume = {351},
	Year = {2004}}

@article{parker2009supervised,
	Author = {Parker, Joel S and Mullins, Michael and Cheang, Maggie CU and Leung, Samuel and Voduc, David and Vickery, Tammi and Davies, Sherri and Fauron, Christiane and He, Xiaping and Hu, Zhiyuan and others},
	Date-Added = {2016-05-09 16:38:26 +0000},
	Date-Modified = {2016-05-09 16:38:26 +0000},
	Journal = {Journal of clinical oncology},
	Number = {8},
	Pages = {1160--1167},
	Publisher = {American Society of Clinical Oncology},
	Title = {Supervised risk predictor of breast cancer based on intrinsic subtypes},
	Volume = {27},
	Year = {2009}}

@article{pepe2004limitations,
	Author = {Pepe, Margaret Sullivan and Janes, Holly and Longton, Gary and Leisenring, Wendy and Newcomb, Polly},
	Date-Added = {2016-05-09 18:06:34 +0000},
	Date-Modified = {2016-05-09 18:06:34 +0000},
	Journal = {American journal of epidemiology},
	Number = {9},
	Pages = {882--890},
	Publisher = {Oxford Univ Press},
	Title = {Limitations of the odds ratio in gauging the performance of a diagnostic, prognostic, or screening marker},
	Volume = {159},
	Year = {2004}}

@article{polley2013statistical,
	Author = {Polley, Mei-Yin C and Freidlin, Boris and Korn, Edward L and Conley, Barbara A and Abrams, Jeffrey S and McShane, Lisa M},
	Date-Added = {2014-07-29 13:49:11 +0000},
	Date-Modified = {2014-07-29 13:49:11 +0000},
	Journal = {J. Natl. Cancer Inst.},
	Number = {22},
	Pages = {1677--1683},
	Publisher = {Oxford University Press},
	Title = {Statistical and practical considerations for clinical evaluation of predictive biomarkers},
	Volume = {105},
	Year = {2013}}

@article{simon2011re,
	Author = {Simon, Richard M and Freidlin, Boris},
	Date-Added = {2016-03-03 19:08:01 +0000},
	Date-Modified = {2016-03-03 19:08:01 +0000},
	Journal = {Journal of the National Cancer Institute},
	Number = {5},
	Pages = {445--445},
	Publisher = {Oxford University Press, Oxford Journals, Great Clarendon Street Oxford OX 2 6 DP UK},
	Title = {Re: Designing a Randomized Clinical Trial to Evaluate Personalized Medicine: A New Approach Based on Risk Prediction},
	Volume = {103},
	Year = {2011}}

@manual{survival,
	Address = {URL: http://CRAN.R-project.org/package=survival},
	Author = {Therneau, T},
	Date-Added = {2016-03-03 19:50:52 +0000},
	Date-Modified = {2016-03-03 19:53:02 +0000},
	Edition = {version 2.38},
	Title = {A Package for Survival Analysis in S},
	Year = {2015}}

@article{tibshirani2002pre,
	Author = {Tibshirani, Robert J and Efron, Brad},
	Date-Added = {2016-02-24 14:17:32 +0000},
	Date-Modified = {2016-02-24 14:17:32 +0000},
	Journal = {Statistical applications in genetics and molecular biology},
	Number = {1},
	Pages = {1--18},
	Title = {Pre-validation and inference in microarrays},
	Volume = {1},
	Year = {2002}}

@article{van2002gene,
	Author = {Van't Veer, Laura J and Dai, Hongyue and Van De Vijver, Marc J and He, Yudong D and Hart, Augustinus AM and Mao, Mao and Peterse, Hans L and van der Kooy, Karin and Marton, Matthew J and Witteveen, Anke T and others},
	Date-Added = {2016-04-19 14:13:09 +0000},
	Date-Modified = {2016-04-19 14:13:09 +0000},
	Journal = {nature},
	Number = {6871},
	Pages = {530--536},
	Publisher = {Nature Publishing Group},
	Title = {Gene expression profiling predicts clinical outcome of breast cancer},
	Volume = {415},
	Year = {2002}}

@article{wang2005gene,
	Author = {Wang, Yixin and Klijn, Jan GM and Zhang, Yi and Sieuwerts, Anieta M and Look, Maxime P and Yang, Fei and Talantov, Dmitri and Timmermans, Mieke and Meijer-van Gelder, Marion E and Yu, Jack and others},
	Date-Added = {2016-04-19 14:12:49 +0000},
	Date-Modified = {2016-04-19 14:12:49 +0000},
	Journal = {The Lancet},
	Number = {9460},
	Pages = {671--679},
	Publisher = {Elsevier},
	Title = {Gene-expression profiles to predict distant metastasis of lymph-node-negative primary breast cancer},
	Volume = {365},
	Year = {2005}}

@article{zhang2001recursive,
	Author = {Zhang, Heping and Yu, Chang-Yung and Singer, Burton and Xiong, Momiao},
	Date-Added = {2016-04-19 15:01:07 +0000},
	Date-Modified = {2016-04-19 15:01:07 +0000},
	Journal = {Proceedings of the National Academy of Sciences},
	Number = {12},
	Pages = {6730--6735},
	Publisher = {National Acad Sciences},
	Title = {Recursive partitioning for tumor classification with gene expression microarray data},
	Volume = {98},
	Year = {2001}}

@article{zhu2010prognostic,
	Author = {Zhu, Chang-Qi and Ding, Keyue and Strumpf, Dan and Weir, Barbara A and Meyerson, Matthew and Pennell, Nathan and Thomas, Roman K and Naoki, Katsuhiko and Ladd-Acosta, Christine and Liu, Ni and others},
	Date-Added = {2016-02-03 21:05:48 +0000},
	Date-Modified = {2016-02-03 21:05:48 +0000},
	Journal = {Journal of Clinical Oncology},
	Number = {29},
	Pages = {4417--4424},
	Publisher = {American Society of Clinical Oncology},
	Title = {Prognostic and predictive gene signature for adjuvant chemotherapy in resected non--small-cell lung cancer},
	Volume = {28},
	Year = {2010}}
