%% This BibTeX bibliography file was created using BibDesk.
%% http://bibdesk.sourceforge.net/


%% Created for Sachs, Michael (NIH/NCI) [E] at 2016-01-30 12:52:46 -0500 


%% Saved with string encoding Unicode (UTF-8) 


@string{macro = {definition}}


@article{zhu2010prognostic,
	Author = {Zhu, Chang-Qi and Ding, Keyue and Strumpf, Dan and Weir, Barbara A and Meyerson, Matthew and Pennell, Nathan and Thomas, Roman K and Naoki, Katsuhiko and Ladd-Acosta, Christine and Liu, Ni and others},
	Date-Added = {2016-01-30 17:52:40 +0000},
	Date-Modified = {2016-01-30 17:52:40 +0000},
	Journal = {Journal of Clinical Oncology},
	Number = {29},
	Pages = {4417--4424},
	Publisher = {American Society of Clinical Oncology},
	Title = {Prognostic and predictive gene signature for adjuvant chemotherapy in resected non--small-cell lung cancer},
	Volume = {28},
	Year = {2010}}

@article{sargent2005clinical,
	Author = {Sargent, Daniel J and Conley, Barbara A and Allegra, Carmen and Collette, Laurence},
	Date-Added = {2014-12-16 20:39:44 +0000},
	Date-Modified = {2014-12-16 20:39:44 +0000},
	Journal = {Journal of Clinical Oncology},
	Number = {9},
	Pages = {2020--2027},
	Publisher = {American Society of Clinical Oncology},
	Title = {Clinical trial designs for predictive marker validation in cancer treatment trials},
	Volume = {23},
	Year = {2005}}

@article{cronin2004measurement,
	Author = {Cronin, Maureen and Pho, Mylan and Dutta, Debjani and Stephans, James C and Shak, Steven and Kiefer, Michael C and Esteban, Jose M and Baker, Joffre B},
	Date-Added = {2014-12-15 19:58:04 +0000},
	Date-Modified = {2014-12-15 19:58:04 +0000},
	Journal = {The American journal of pathology},
	Number = {1},
	Pages = {35--42},
	Publisher = {Elsevier},
	Title = {Measurement of gene expression in archival paraffin-embedded tissues: development and performance of a 92-gene reverse transcriptase-polymerase chain reaction assay},
	Volume = {164},
	Year = {2004}}

@article{solin2013multigene,
	Author = {Solin, Lawrence J and Gray, Robert and Baehner, Frederick L and Butler, Steven M and Hughes, Lorie L and Yoshizawa, Carl and Cherbavaz, Diana B and Shak, Steven and Page, David L and Sledge, George W and others},
	Date-Added = {2014-12-15 16:36:13 +0000},
	Date-Modified = {2014-12-15 16:36:13 +0000},
	Journal = {Journal of the National Cancer Institute},
	Number = {10},
	Pages = {701--710},
	Publisher = {Oxford University Press},
	Title = {A multigene expression assay to predict local recurrence risk for ductal carcinoma in situ of the breast},
	Volume = {105},
	Year = {2013}}

@article{habel2006population,
	Author = {Habel, Laurel A and Shak, Steven and Jacobs, Marlena K and Capra, Angela and Alexander, Claire and Pho, Mylan and Baker, Joffre and Walker, Michael and Watson, Drew and Hackett, James and others},
	Date-Added = {2014-12-15 16:36:11 +0000},
	Date-Modified = {2014-12-15 16:36:11 +0000},
	Journal = {Breast Cancer Res},
	Number = {3},
	Pages = {R25},
	Title = {A population-based study of tumor gene expression and risk of breast cancer death among lymph node-negative patients},
	Volume = {8},
	Year = {2006}}

@article{paik2004multigene,
	Author = {Paik, Soonmyung and Shak, Steven and Tang, Gong and Kim, Chungyeul and Baker, Joffre and Cronin, Maureen and Baehner, Frederick L and Walker, Michael G and Watson, Drew and Park, Taesung and others},
	Date-Added = {2014-12-15 16:31:09 +0000},
	Date-Modified = {2014-12-15 16:31:09 +0000},
	Journal = {New England Journal of Medicine},
	Number = {27},
	Pages = {2817--2826},
	Publisher = {Massachusetts Medical Society},
	Title = {A multigene assay to predict recurrence of tamoxifen-treated, node-negative breast cancer},
	Volume = {351},
	Year = {2004}}

@article{altman2012reporting,
	Author = {Altman, Douglas G and McShane, Lisa M and Sauerbrei, Willi and Taube, Sheila E},
	Date-Added = {2014-09-30 17:55:42 +0000},
	Date-Modified = {2014-09-30 17:55:42 +0000},
	Journal = {BMC Med.},
	Number = {1},
	Pages = {51},
	Publisher = {BioMed Central Ltd},
	Title = {Reporting recommendations for tumor marker prognostic studies (REMARK): explanation and elaboration},
	Volume = {10},
	Year = {2012}}

@article{bair2004semi,
	Author = {Bair, Eric and Tibshirani, Robert},
	Date-Added = {2014-09-30 12:24:52 +0000},
	Date-Modified = {2014-09-30 12:24:52 +0000},
	Journal = {PLoS Biol.},
	Number = {4},
	Pages = {e108},
	Publisher = {Public Library of Science},
	Title = {Semi-supervised methods to predict patient survival from gene expression data},
	Volume = {2},
	Year = {2004}}

@article{baker2012biomarkers,
	Author = {Baker, Stuart G and Kramer, Barnett S and Sargent, Daniel J and Bonetti, Marco},
	Date-Added = {2014-09-08 17:33:25 +0000},
	Date-Modified = {2014-09-08 17:33:25 +0000},
	Journal = {Discov. Med.},
	Number = {70},
	Pages = {187--192},
	Title = {Biomarkers, subgroup evaluation, and clinical trial design},
	Volume = {13},
	Year = {2012}}

@article{baker2010designing,
	Author = {Baker, Stuart G and Sargent, Daniel J},
	Date-Added = {2014-09-08 17:33:24 +0000},
	Date-Modified = {2014-10-30 19:34:25 +0000},
	Journal = {J. Natl. Cancer Inst.},
	Number = {23},
	Pages = {1756--1759},
	Publisher = {Oxford University Press},
	Title = {Designing a randomized clinical trial to evaluate personalized medicine: a new approach based on risk prediction},
	Volume = {102},
	Year = {2010}}

@article{bayman2010detecting,
	Author = {Bayman, Emine {\"O}zg{\"u}r and Chaloner, Kathryn and Cowles, Mary Kathryn},
	Date-Added = {2014-10-20 14:14:40 +0000},
	Date-Modified = {2014-10-20 14:14:40 +0000},
	Journal = {Stat. Med.},
	Number = {4},
	Pages = {455--463},
	Publisher = {John Wiley \& Sons, Ltd.},
	Title = {Detecting qualitative interaction: A Bayesian approach},
	Volume = {29},
	Year = {2010}}

@article{bouwmeester2012reporting,
	Author = {Bouwmeester, Walter and Zuithoff, Nicolaas PA and Mallett, Susan and Geerlings, Mirjam I and Vergouwe, Yvonne and Steyerberg, Ewout W and Altman, Douglas G and Moons, Karel GM},
	Date-Added = {2014-07-29 13:34:42 +0000},
	Date-Modified = {2014-07-29 13:34:42 +0000},
	Journal = {PLoS Med.},
	Number = {5},
	Pages = {e1001221},
	Publisher = {Public Library of Science},
	Title = {Reporting and methods in clinical prediction research: a systematic review},
	Volume = {9},
	Year = {2012}}

@article{brannath2009confirmatory,
	Author = {Brannath, Werner and Zuber, Emmanuel and Branson, Michael and Bretz, Frank and Gallo, Paul and Posch, Martin and Racine-Poon, Amy},
	Date-Added = {2014-08-22 14:29:42 +0000},
	Date-Modified = {2014-08-22 14:29:42 +0000},
	Journal = {Stat. Med.},
	Number = {10},
	Pages = {1445--1463},
	Publisher = {Wiley Online Library},
	Title = {Confirmatory adaptive designs with Bayesian decision tools for a targeted therapy in oncology},
	Volume = {28},
	Year = {2009}}

@article{brinkley2010generalized,
	Author = {Brinkley, Jason and Tsiatis, Anastasios and Anstrom, Kevin J},
	Date-Added = {2014-08-26 13:16:16 +0000},
	Date-Modified = {2014-08-26 13:16:16 +0000},
	Journal = {Biometrics},
	Number = {2},
	Pages = {512--522},
	Publisher = {Blackwell Publishing Inc},
	Title = {A generalized estimator of the attributable benefit of an optimal treatment regime},
	Volume = {66},
	Year = {2010}}

@article{chau2008validation,
	Author = {Chau, Cindy H and Rixe, Olivier and McLeod, Howard and Figg, William D},
	Date-Added = {2014-08-26 13:16:05 +0000},
	Date-Modified = {2014-08-26 13:16:05 +0000},
	Journal = {Clin. Cancer Res.},
	Number = {19},
	Pages = {5967--5976},
	Publisher = {American Association for Cancer Research},
	Title = {Validation of analytic methods for biomarkers used in drug development},
	Volume = {14},
	Year = {2008}}

@article{cronin2007analytical,
	Author = {Cronin, Maureen and Sangli, Chithra and Liu, Mei-Lan and Pho, Mylan and Dutta, Debjani and Nguyen, Anhthu and Jeong, Jennie and Wu, Jenny and Langone, Kim Clark and Watson, Drew},
	Date-Added = {2014-08-26 13:05:13 +0000},
	Date-Modified = {2014-08-26 13:05:13 +0000},
	Journal = {Clin. Chem.},
	Number = {6},
	Pages = {1084--1091},
	Publisher = {American Association for Clinical Chemistry},
	Title = {Analytical validation of the Oncotype DX genomic diagnostic test for recurrence prognosis and therapeutic response prediction in node-negative, estrogen receptor--positive breast cancer},
	Volume = {53},
	Year = {2007}}

@article{denne2014identifying,
	Author = {Denne, Jonathan S and Pennello, Gene and Zhao, Luping and Chang, Shao-Chun and Althouse, Sandra},
	Date-Added = {2014-07-29 13:47:26 +0000},
	Date-Modified = {2014-07-29 13:47:26 +0000},
	Journal = {Statistics in Biopharmaceutical Research},
	Number = {1},
	Pages = {78--88},
	Publisher = {Taylor \& Francis},
	Title = {Identifying a Subpopulation for a Tailored Therapy: Bridging Clinical Efficacy From a Laboratory-Developed Assay to a Validated In Vitro Diagnostic Test Kit},
	Volume = {6},
	Year = {2014}}

@article{eng2014randomized,
	Author = {Eng, Kevin H},
	Date-Added = {2014-08-22 14:10:11 +0000},
	Date-Modified = {2014-10-30 19:37:31 +0000},
	Journal = {Stat. Med.},
	Number = {18},
	Pages = {3089--3099},
	Publisher = {Wiley Online Library},
	Title = {Randomized reverse marker strategy design for prospective biomarker validation},
	Volume = {33},
	Year = {2014}}

@article{filipits2011new,
	Author = {Filipits, Martin and Rudas, Margaretha and Jakesz, Raimund and Dubsky, Peter and Fitzal, Florian and Singer, Christian F and Dietze, Otto and Greil, Richard and Jelen, Andrea and Sevelda, Paul and others},
	Date-Added = {2014-08-26 14:21:07 +0000},
	Date-Modified = {2014-08-26 14:21:07 +0000},
	Journal = {Clin. Cancer Res.},
	Number = {18},
	Pages = {6012--6020},
	Publisher = {American Association for Cancer Research},
	Title = {A new molecular predictor of distant recurrence in ER-positive, HER2-negative breast cancer adds independent information to conventional clinical risk factors},
	Volume = {17},
	Year = {2011}}

@techreport{fleeman2013pertuzumab,
	Author = {Fleeman, Nigel and Bagust, Adrian and Beale, Sophie and Dwan, Kerry and Dickson, Rumona and Director, LRiG and Proudlove, Chris and OReilly, Susan and McEntee, Joanne and Dickson, R and others},
	Date-Added = {2014-10-16 15:55:34 +0000},
	Date-Modified = {2014-10-30 19:40:41 +0000},
	Institution = {University of Liverpool: Reviews and Implementation Group},
	Title = {Pertuzumab in combination with trastuzumab and docetaxel for the treatment of HER2 positive metastatic or locally recurrent unresectable breast cancer: A Single Technology Appraisal},
	Type = {Single Technology Appraisal: Evidence Review Group Report},
	Year = {2013}}

@article{freidlin2010cross,
	Author = {Freidlin, Boris and Jiang, Wenyu and Simon, Richard},
	Date-Added = {2014-08-22 14:15:45 +0000},
	Date-Modified = {2014-08-22 14:15:45 +0000},
	Journal = {Clin. Cancer Res.},
	Number = {2},
	Pages = {691--698},
	Publisher = {AACR},
	Title = {The cross-validated adaptive signature design},
	Volume = {16},
	Year = {2010}}

@article{freidlin2014biomarker,
	Author = {Freidlin, Boris and Korn, Edward L},
	Date-Added = {2014-08-22 14:14:43 +0000},
	Date-Modified = {2014-08-22 14:14:43 +0000},
	Journal = {Nature Reviews Clinical Oncology},
	Number = {2},
	Pages = {81--90},
	Publisher = {Nature Publishing Group},
	Title = {Biomarker enrichment strategies: matching trial design to biomarker credentials},
	Volume = {11},
	Year = {2014}}

@article{freidlin2013marker,
	Author = {Freidlin, Boris and Korn, Edward L and Gray, Robert},
	Date-Added = {2014-09-29 13:55:47 +0000},
	Date-Modified = {2014-10-30 19:36:21 +0000},
	Journal = {Clin. Trials},
	Number = {1},
	Pages = {19--27},
	Publisher = {SAGE Publications},
	Title = {Marker sequential test (MaST) design},
	Volume = {11},
	Year = {2014}}

@article{freidlin2012randomized,
	Author = {Freidlin, Boris and McShane, Lisa M and Polley, Mei-Yin C and Korn, Edward L},
	Date-Added = {2014-09-29 13:55:50 +0000},
	Date-Modified = {2014-09-29 13:55:50 +0000},
	Journal = {J. Clin. Oncol.},
	Number = {26},
	Pages = {3304--3309},
	Publisher = {American Society of Clinical Oncology},
	Title = {Randomized phase II trial designs with biomarkers},
	Volume = {30},
	Year = {2012}}

@article{gail1985testing,
	Author = {Gail, M and Simon, R},
	Date-Added = {2014-10-20 14:14:34 +0000},
	Date-Modified = {2014-10-30 19:45:59 +0000},
	Journal = {Biometrics},
	Pages = {361--372},
	Publisher = {Biometric Society},
	Title = {Testing for qualitative interactions between treatment effects and patient subsets},
	Volume = {41},
	Year = {1985}}

@article{goodsaid2006process,
	Author = {Goodsaid, Federico and Frueh, Felix},
	Date-Added = {2014-09-29 13:56:28 +0000},
	Date-Modified = {2014-09-29 13:56:28 +0000},
	Journal = {Pharmacogenomics},
	Number = {5},
	Pages = {773--782},
	Publisher = {Future Medicine Ltd},
	Title = {Process map proposal for the validation of genomic biomarkers},
	Volume = {7},
	Year = {2006}}

@article{hamilton2000contribution,
	Author = {Hamilton, A and Piccart, M},
	Date-Added = {2014-09-29 13:56:06 +0000},
	Date-Modified = {2014-09-29 13:56:06 +0000},
	Journal = {Ann. Oncol.},
	Number = {6},
	Pages = {647--663},
	Publisher = {Oxford University Press},
	Title = {The contribution of molecular markers to the prediction of response in the treatment of breast cancer: a review of the literature on HER-2, p53 and BCL-2},
	Volume = {11},
	Year = {2000}}

@book{hastie2009elements,
	Author = {Hastie, T and Friedman, J and Tibshirani, R},
	Date-Added = {2014-09-30 13:26:57 +0000},
	Date-Modified = {2014-11-04 15:42:00 +0000},
	Number = {1},
	Publisher = {Springer},
	Title = {The elements of statistical learning},
	Volume = {2},
	Year = {2009}}

@article{hilden2014commentary,
	Author = {Hilden, J{\o}rgen},
	Date-Added = {2014-10-17 17:27:46 +0000},
	Date-Modified = {2014-10-17 17:27:46 +0000},
	Journal = {Epidemiology},
	Number = {2},
	Pages = {265--267},
	Publisher = {LWW},
	Title = {Commentary: On NRI, IDI, and Good-Looking Statistics with Nothing Underneath},
	Volume = {25},
	Year = {2014}}

@article{hilden2013note,
	Author = {Hilden, J{\o}rgen and Gerds, Thomas A},
	Date-Added = {2014-09-30 13:28:58 +0000},
	Date-Modified = {2014-10-30 19:38:23 +0000},
	Journal = {Stat. Med.},
	Number = {19},
	Pages = {3405--3414},
	Publisher = {John Wiley \& Sons, Ltd},
	Title = {A note on the evaluation of novel biomarkers: do not rely on integrated discrimination improvement and net reclassification index},
	Volume = {33},
	Year = {2013}}

@article{hoerl1970ridge,
	Author = {Hoerl, Arthur E and Kennard, Robert W},
	Date-Added = {2014-10-17 15:01:06 +0000},
	Date-Modified = {2014-10-17 15:01:06 +0000},
	Journal = {Technometrics},
	Number = {1},
	Pages = {55--67},
	Publisher = {Taylor \& Francis Group},
	Title = {Ridge regression: Biased estimation for nonorthogonal problems},
	Volume = {12},
	Year = {1970}}

@article{hoeting1999bayesian,
	Author = {Hoeting, Jennifer A and Madigan, David and Raftery, Adrian E and Volinsky, Chris T},
	Date-Added = {2014-10-17 15:07:56 +0000},
	Date-Modified = {2014-10-30 19:46:50 +0000},
	Journal = {Statistical science},
	Number = {4},
	Pages = {382--401},
	Publisher = {Institute of Mathematical Statistics},
	Title = {Bayesian model averaging: a tutorial},
	Volume = {14},
	Year = {1999}}

@article{isler2007analytical,
	Author = {Isler, Jennifer A and Vesterqvist, Ole E and Burczynski, Michael E},
	Date-Added = {2014-08-26 13:15:58 +0000},
	Date-Modified = {2014-10-30 19:33:27 +0000},
	Journal = {Pharmacogenomics},
	Number = {4},
	Pages = {339--352},
	Publisher = {Future Medicine Ltd},
	Title = {Analytical validation of genotyping assays in the biomarker laboratory},
	Volume = {8},
	Year = {2007}}

@article{iwamoto1996feasibility,
	Author = {Iwamoto, Keisuke S and Mizuno, Terumi and Ito, Takashi and Akiyama, Mitoshi and Takeichi, Nobuo and Mabuchi, Kiyohiko and Seyama, Toshio},
	Date-Added = {2014-09-30 13:14:24 +0000},
	Date-Modified = {2014-10-31 16:32:38 +0000},
	Journal = {The American journal of pathology},
	Number = {2},
	Pages = {399--406},
	Publisher = {American Society for Investigative Pathology},
	Title = {Feasibility of using decades-old archival tissues in molecular oncology/epidemiology.},
	Volume = {149},
	Year = {1996}}

@article{janes2014approach,
	Author = {Janes, Holly and Brown, Marshall D and Huang, Ying and Pepe, Margaret S},
	Date-Added = {2014-07-29 13:50:58 +0000},
	Date-Modified = {2014-07-29 13:50:58 +0000},
	Journal = {The international journal of biostatistics},
	Number = {1},
	Pages = {99--121},
	Title = {An approach to evaluating and comparing biomarkers for patient treatment selection},
	Volume = {10},
	Year = {2014}}

@article{janes2011measuring,
	Author = {Janes, Holly and Pepe, Margaret S and Bossuyt, Patrick M and Barlow, William E},
	Date-Added = {2014-07-29 13:37:15 +0000},
	Date-Modified = {2014-07-29 13:37:15 +0000},
	Journal = {Ann. Intern. Med.},
	Number = {4},
	Pages = {253--259},
	Publisher = {Am Coll Physicians},
	Title = {Measuring the performance of markers for guiding treatment decisions},
	Volume = {154},
	Year = {2011}}

@article{janssens2011strengthening,
	Author = {Janssens, A Cecile and Ioannidis, John and Bedrosian, Sara and Boffetta, Paolo and Dolan, Siobhan M and Dowling, Nicole and Fortier, Isabel and Freedman, Andrew N and Grimshaw, Jeremy M and Gulcher, Jeffrey and others},
	Date-Added = {2014-07-29 13:35:40 +0000},
	Date-Modified = {2014-07-29 13:35:40 +0000},
	Journal = {Eur. J. Clin. Invest.},
	Number = {9},
	Pages = {1010--1035},
	Publisher = {Wiley Online Library},
	Title = {Strengthening the reporting of genetic risk prediction studies (GRIPS): explanation and elaboration},
	Volume = {41},
	Year = {2011}}

@article{janssens2011strengtheningb,
	Author = {Janssens, A Cecile JW and Ioannidis, John PA and Van Duijn, Cornelia M and Little, Julian and Khoury, Muin J and others},
	Date-Added = {2014-07-29 13:35:50 +0000},
	Date-Modified = {2014-07-29 13:36:05 +0000},
	Journal = {Ann. Intern. Med.},
	Number = {6},
	Pages = {421},
	Title = {Strengthening the reporting of genetic risk prediction studies: the GRIPS statement},
	Volume = {154},
	Year = {2011}}

@article{jiang2007biomarker,
	Author = {Jiang, Wenyu and Freidlin, Boris and Simon, Richard},
	Date-Added = {2014-08-22 14:15:21 +0000},
	Date-Modified = {2014-08-22 14:15:21 +0000},
	Journal = {J. Natl. Cancer Inst.},
	Number = {13},
	Pages = {1036--1043},
	Publisher = {Oxford University Press},
	Title = {Biomarker-adaptive threshold design: a procedure for evaluating treatment with possible biomarker-defined subset effect},
	Volume = {99},
	Year = {2007}}

@article{kang2014combining,
	Author = {Kang, Chaeryon and Janes, Holly and Huang, Ying},
	Date-Added = {2014-08-26 13:05:40 +0000},
	Date-Modified = {2014-08-26 13:05:40 +0000},
	Journal = {Biometrics},
	Number = {3},
	Pages = {695--707},
	Title = {Combining biomarkers to optimize patient treatment recommendations},
	Volume = {70},
	Year = {2014}}

@article{kerr2014net,
	Author = {Kerr, Kathleen F and Wang, Zheyu and Janes, Holly and McClelland, Robyn L and Psaty, Bruce M and Pepe, Margaret S},
	Date-Added = {2014-10-17 17:27:48 +0000},
	Date-Modified = {2014-10-17 17:27:48 +0000},
	Journal = {Epidemiology},
	Number = {1},
	Pages = {114--121},
	Publisher = {LWW},
	Title = {Net reclassification indices for evaluating risk prediction instruments: a critical review},
	Volume = {25},
	Year = {2014}}

@article{knezevic2013analytical,
	Author = {Knezevic, Dejan and Goddard, Audrey D and Natraj, Nisha and Cherbavaz, Diana B and Clark-Langone, Kim M and Snable, Jay and Watson, Drew and Falzarano, Sara M and Magi-Galluzzi, Cristina and Klein, Eric A and others},
	Date-Added = {2014-08-26 13:15:57 +0000},
	Date-Modified = {2014-08-26 13:15:57 +0000},
	Journal = {BMC genomics},
	Number = {1},
	Pages = {690},
	Publisher = {BioMed Central Ltd},
	Title = {Analytical validation of the Oncotype DX prostate cancer assay--a clinical RT-PCR assay optimized for prostate needle biopsies},
	Volume = {14},
	Year = {2013}}

@article{lee2008mistakes,
	Author = {Lee, Sunho},
	Date-Added = {2014-07-29 13:30:57 +0000},
	Date-Modified = {2014-10-30 19:43:34 +0000},
	Journal = {Stat. Methods Med. Res.},
	Number = {6},
	Pages = {635--642},
	Publisher = {SAGE Publications},
	Title = {Mistakes in validating the accuracy of a prediction classifier in high-dimensional butsmall-sample microarray data},
	Volume = {17},
	Year = {2008}}

@article{leek2010tackling,
	Author = {Leek, Jeffrey T and Scharpf, Robert B and Bravo, H{\'e}ctor Corrada and Simcha, David and Langmead, Benjamin and Johnson, W Evan and Geman, Donald and Baggerly, Keith and Irizarry, Rafael A},
	Date-Added = {2014-07-29 13:33:41 +0000},
	Date-Modified = {2014-07-29 13:33:41 +0000},
	Journal = {Nat. Rev. Genet.},
	Number = {10},
	Pages = {733--739},
	Publisher = {Nature Publishing Group},
	Title = {Tackling the widespread and critical impact of batch effects in high-throughput data},
	Volume = {11},
	Year = {2010}}

@article{mackey2013sample,
	Author = {Mackey, Howard M and Bengtsson, Thomas},
	Date-Added = {2014-07-29 13:56:23 +0000},
	Date-Modified = {2014-07-29 13:56:23 +0000},
	Journal = {Contemp. Clin. Trials},
	Number = {2},
	Pages = {664--672},
	Publisher = {Elsevier},
	Title = {Sample size and threshold estimation for clinical trials with predictive biomarkers},
	Volume = {36},
	Year = {2013}}

@article{van2008effects,
	Author = {van Maldegem, Febe and de Wit, Mireille and Morsink, Folkert and Musler, Alex and Weegenaar, Jitske and van Noesel, Carel JM},
	Date-Added = {2014-09-30 13:14:21 +0000},
	Date-Modified = {2014-09-30 13:14:21 +0000},
	Journal = {Diagn. Mol. Pathol.},
	Number = {1},
	Pages = {51--58},
	Publisher = {LWW},
	Title = {Effects of processing delay, formalin fixation, and immunohistochemistry on RNA recovery from formalin-fixed paraffin-embedded tissue sections},
	Volume = {17},
	Year = {2008}}

@article{mandrekar2013review,
	Author = {Mandrekar, Sumithra J and An, Ming-Wen and Sargent, Daniel J},
	Date-Added = {2014-09-29 13:55:46 +0000},
	Date-Modified = {2014-09-29 13:55:46 +0000},
	Journal = {Contemp. Clin. Trials},
	Number = {2},
	Pages = {597--604},
	Publisher = {Elsevier},
	Title = {A review of phase II trial designs for initial marker validation},
	Volume = {36},
	Year = {2013}}

@article{mandrekar2005clinical,
	Author = {Mandrekar, Sumithra J and Grothey, Axel and Goetz, Matthew P and Sargent, Daniel J},
	Date-Added = {2014-08-26 13:16:12 +0000},
	Date-Modified = {2014-08-26 13:16:12 +0000},
	Journal = {Am. J. Pharmacogenomics},
	Number = {5},
	Pages = {317--325},
	Publisher = {Springer International Publishing},
	Title = {Clinical trial designs for prospective validation of biomarkers},
	Volume = {5},
	Year = {2005}}

@article{mandrekar2010predictive,
	Author = {Mandrekar, Sumithra J and Sargent, Daniel J},
	Date-Added = {2014-08-22 14:08:40 +0000},
	Date-Modified = {2014-08-22 14:08:40 +0000},
	Journal = {Clin. Trials},
	Number = {5},
	Pages = {567--573},
	Publisher = {SAGE Publications},
	Title = {Predictive biomarker validation in practice: lessons from real trials},
	Volume = {7},
	Year = {2010}}

@article{mandrekar2009clinical,
	Author = {Mandrekar, Sumithra J and Sargent, Daniel J},
	Date-Added = {2014-07-29 13:41:43 +0000},
	Date-Modified = {2014-07-29 13:41:43 +0000},
	Journal = {J. Clin. Oncol.},
	Number = {24},
	Pages = {4027--4034},
	Publisher = {American Society of Clinical Oncology},
	Title = {Clinical trial designs for predictive biomarker validation: theoretical considerations and practical challenges},
	Volume = {27},
	Year = {2009}}

@article{mcshane2013criteria,
	Author = {McShane, Lisa M and Cavenagh, Margaret M and Lively, Tracy G and Eberhard, David A and Bigbee, William L and Williams, P Mickey and Mesirov, Jill P and Polley, Mei-Yin C and Kim, Kelly Y and Tricoli, James V and others},
	Date-Added = {2014-07-29 13:39:13 +0000},
	Date-Modified = {2014-07-29 13:39:13 +0000},
	Journal = {BMC Med.},
	Number = {1},
	Pages = {220},
	Publisher = {BioMed Central Ltd},
	Title = {Criteria for the use of omics-based predictors in clinical trials: explanation and elaboration},
	Volume = {11},
	Year = {2013}}

@article{mcshane2013criteriab,
	Author = {McShane, Lisa M and Cavenagh, Margaret M and Lively, Tracy G and Eberhard, David A and Bigbee, William L and Williams, P Mickey and Mesirov, Jill P and Polley, Mei-Yin C and Kim, Kelly Y and Tricoli, James V and others},
	Date-Added = {2014-07-29 13:39:12 +0000},
	Date-Modified = {2014-07-29 13:39:21 +0000},
	Journal = {Nature},
	Number = {7471},
	Pages = {317--320},
	Publisher = {Nature Publishing Group},
	Title = {Criteria for the use of omics-based predictors in clinical trials},
	Volume = {502},
	Year = {2013}}

@article{mcshane2012publication,
	Author = {McShane, Lisa M and Hayes, Daniel F},
	Date-Added = {2014-09-30 17:55:43 +0000},
	Date-Modified = {2014-09-30 17:55:43 +0000},
	Journal = {J. Clin. Oncol.},
	Number = {34},
	Pages = {4223--4232},
	Publisher = {American Society of Clinical Oncology},
	Title = {Publication of tumor marker research results: The necessity for complete and transparent reporting},
	Volume = {30},
	Year = {2012}}

@article{mcshane2009effective,
	Author = {McShane, Lisa M and Hunsberger, Sally and Adjei, Alex A},
	Date-Added = {2014-08-22 14:20:01 +0000},
	Date-Modified = {2014-08-22 14:20:01 +0000},
	Journal = {Clin. Cancer Res.},
	Number = {6},
	Pages = {1898--1905},
	Publisher = {AACR},
	Title = {Effective incorporation of biomarkers into phase II trials},
	Volume = {15},
	Year = {2009}}

@article{mcshane2013development,
	Author = {McShane, Lisa M and Polley, Mei-Yin C},
	Date-Added = {2014-07-29 13:46:43 +0000},
	Date-Modified = {2014-07-29 13:46:43 +0000},
	Journal = {Clin. Trials},
	Number = {5},
	Pages = {653--665},
	Publisher = {SAGE Publications},
	Title = {Development of omics-based clinical tests for prognosis and therapy selection: The challenge of achieving statistical robustness and clinical utility},
	Volume = {10},
	Year = {2013}}

@article{moons2012riskII,
	Author = {Moons, Karel GM and Kengne, Andre Pascal and Grobbee, Diederick E and Royston, Patrick and Vergouwe, Yvonne and Altman, Douglas G and Woodward, Mark},
	Date-Added = {2014-07-29 13:36:31 +0000},
	Date-Modified = {2014-07-29 13:36:44 +0000},
	Journal = {Heart},
	Pages = {heartjnl--2011},
	Publisher = {BMJ Publishing Group Ltd and British Cardiovascular Society},
	Title = {Risk prediction models: II. External validation, model updating, and impact assessment},
	Year = {2012}}

@article{moons2012riskI,
	Author = {Moons, Karel GM and Kengne, Andre Pascal and Woodward, Mark and Royston, Patrick and Vergouwe, Yvonne and Altman, Douglas G and Grobbee, Diederick E},
	Date-Added = {2014-07-29 13:36:35 +0000},
	Date-Modified = {2014-07-29 13:36:51 +0000},
	Journal = {Heart},
	Number = {9},
	Pages = {683--690},
	Publisher = {BMJ Publishing Group Ltd and British Cardiovascular Society},
	Title = {Risk prediction models: I. Development, internal validation, and assessing the incremental value of a new (bio) marker},
	Volume = {98},
	Year = {2012}}

@article{morita2014biomarker,
	Author = {Morita, Satoshi and Yamamoto, Hideharu and Sugitani, Yasuo},
	Date-Added = {2014-09-30 12:09:41 +0000},
	Date-Modified = {2014-10-30 19:35:33 +0000},
	Journal = {Stat. Med.},
	Number = {23},
	Pages = {4008--4016},
	Publisher = {John Wiley \& Sons, Ltd},
	Title = {Biomarker-based Bayesian randomized phase II clinical trial design to identify a sensitive patient subpopulation},
	Volume = {33},
	Year = {2014}}

@article{pennello2013analytical,
	Author = {Pennello, Gene A},
	Date-Added = {2014-07-29 13:47:02 +0000},
	Date-Modified = {2014-10-30 19:42:53 +0000},
	Journal = {Clin. Trials},
	Number = {5},
	Pages = {653--665},
	Publisher = {SAGE Publications},
	Title = {Analytical and clinical evaluation of biomarkers assays: When are biomarkers ready for prime time?},
	Volume = {10},
	Year = {2013}}

@article{pepe2011problems,
	Author = {Pepe, Margaret S},
	Date-Added = {2014-09-30 12:22:25 +0000},
	Date-Modified = {2014-10-30 19:55:48 +0000},
	Journal = {Am. J. Epidemiol.},
	Number = {11},
	Pages = {1327--1335},
	Publisher = {Oxford University Press},
	Title = {Problems with risk reclassification methods for evaluating prediction models},
	Volume = {173},
	Year = {2011}}

@book{pepe2003statistical,
	Author = {Pepe, Margaret Sullivan},
	Date-Added = {2014-10-17 18:18:37 +0000},
	Date-Modified = {2014-10-17 18:18:37 +0000},
	Publisher = {Oxford University Press},
	Title = {The statistical evaluation of medical tests for classification and prediction},
	Year = {2003}}

@article{pepe2008pivotal,
	Author = {Pepe, Margaret S and Feng, Ziding and Janes, Holly and Bossuyt, Patrick M and Potter, John D},
	Date-Added = {2014-07-29 13:50:48 +0000},
	Date-Modified = {2014-07-29 13:50:48 +0000},
	Journal = {J. Natl. Cancer Inst.},
	Number = {20},
	Pages = {1432--1438},
	Publisher = {Oxford University Press},
	Title = {Pivotal evaluation of the accuracy of a biomarker used for classification or prediction: standards for study design},
	Volume = {100},
	Year = {2008}}

@article{pepe2014net,
	Author = {Pepe, Margaret S and Janes, Holly and Li, Christopher I},
	Date-Added = {2014-10-17 17:27:48 +0000},
	Date-Modified = {2014-10-30 19:57:53 +0000},
	Journal = {J. Natl. Cancer Inst.},
	Number = {4},
	Pages = {doi:10.1093/jnci/dju041},
	Publisher = {Oxford University Press},
	Title = {Net risk reclassification p values: Valid or misleading?},
	Volume = {106},
	Year = {2014}}

@article{pepe2004limitations,
	Author = {Pepe, Margaret Sullivan and Janes, Holly and Longton, Gary and Leisenring, Wendy and Newcomb, Polly},
	Date-Added = {2014-10-17 17:33:30 +0000},
	Date-Modified = {2014-10-17 17:33:30 +0000},
	Journal = {Am. J. Epidemiol.},
	Number = {9},
	Pages = {882--890},
	Publisher = {Oxford Univ Press},
	Title = {Limitations of the odds ratio in gauging the performance of a diagnostic, prognostic, or screening marker},
	Volume = {159},
	Year = {2004}}

@article{pepe2013testing,
	Author = {Pepe, Margaret Sullivan and Kerr, Kathleen F and Longton, Gary and Wang, Zheyu},
	Date-Added = {2014-07-29 13:38:27 +0000},
	Date-Modified = {2014-07-29 13:38:27 +0000},
	Journal = {Stat. Med.},
	Number = {9},
	Pages = {1467--1482},
	Publisher = {Wiley Online Library},
	Title = {Testing for improvement in prediction model performance},
	Volume = {32},
	Year = {2013}}

@article{peterson1993sample,
	Author = {Peterson, Bercedis and George, Stephen L},
	Date-Added = {2014-09-30 14:10:28 +0000},
	Date-Modified = {2014-10-30 19:57:20 +0000},
	Journal = {Control. Clin. Trials},
	Number = {6},
	Pages = {511--522},
	Publisher = {Elsevier},
	Title = {Sample size requirements and length of study for testing interaction in a 1 x k factorial design when time-to-failure is the outcome},
	Volume = {14},
	Year = {1993}}

@article{polley2013statistical,
	Author = {Polley, Mei-Yin C and Freidlin, Boris and Korn, Edward L and Conley, Barbara A and Abrams, Jeffrey S and McShane, Lisa M},
	Date-Added = {2014-07-29 13:49:11 +0000},
	Date-Modified = {2014-07-29 13:49:11 +0000},
	Journal = {J. Natl. Cancer Inst.},
	Number = {22},
	Pages = {1677--1683},
	Publisher = {Oxford University Press},
	Title = {Statistical and practical considerations for clinical evaluation of predictive biomarkers},
	Volume = {105},
	Year = {2013}}

@article{sargent2013statistical,
	Author = {Sargent, Daniel J and Mandrekar, Sumithra J},
	Date-Added = {2014-08-22 14:09:24 +0000},
	Date-Modified = {2014-08-22 14:09:24 +0000},
	Journal = {Clin. Trials},
	Number = {5},
	Pages = {647--652},
	Publisher = {SAGE Publications},
	Title = {Statistical issues in the validation of prognostic, predictive, and surrogate biomarkers},
	Volume = {10},
	Year = {2013}}

@article{sawyers2008cancer,
	Author = {Sawyers, Charles L},
	Date-Added = {2014-09-29 14:00:27 +0000},
	Date-Modified = {2014-09-29 14:00:27 +0000},
	Journal = {Nature},
	Number = {7187},
	Pages = {548--552},
	Publisher = {Nature Publishing Group},
	Title = {The cancer biomarker problem},
	Volume = {452},
	Year = {2008}}

@article{seshan2013comparing,
	Author = {Seshan, Venkatraman E and G{\"o}nen, Mithat and Begg, Colin B},
	Date-Added = {2014-09-30 18:28:02 +0000},
	Date-Modified = {2014-09-30 18:28:02 +0000},
	Journal = {Stat. Med.},
	Number = {9},
	Pages = {1483--1493},
	Publisher = {Wiley Online Library},
	Title = {Comparing ROC curves derived from regression models},
	Volume = {32},
	Year = {2013}}

@article{simon2008use,
	Author = {Simon, Richard},
	Date-Added = {2014-08-22 14:21:40 +0000},
	Date-Modified = {2014-08-22 14:21:40 +0000},
	Journal = {Clin. Cancer Res.},
	Number = {19},
	Pages = {5984--5993},
	Publisher = {AACR},
	Title = {The use of genomics in clinical trial design},
	Volume = {14},
	Year = {2008}}

@article{simon2003pitfalls,
	Author = {Simon, Richard and Radmacher, Michael D and Dobbin, Kevin and McShane, Lisa M},
	Date-Added = {2014-09-30 14:17:20 +0000},
	Date-Modified = {2014-09-30 14:17:20 +0000},
	Journal = {J. Natl. Cancer Inst.},
	Number = {1},
	Pages = {14--18},
	Publisher = {Oxford University Press},
	Title = {Pitfalls in the use of DNA microarray data for diagnostic and prognostic classification},
	Volume = {95},
	Year = {2003}}

@article{simon2006use,
	Author = {Simon, R and Wang, SJ},
	Date-Added = {2014-08-22 14:21:00 +0000},
	Date-Modified = {2014-08-22 14:21:00 +0000},
	Journal = {The pharmacogenomics journal},
	Number = {3},
	Pages = {166--173},
	Publisher = {Nature Publishing Group},
	Title = {Use of genomic signatures in therapeutics development in oncology and other diseases},
	Volume = {6},
	Year = {2006}}

@article{simon2009use,
	Author = {Simon, Richard M and Paik, Soonmyung and Hayes, Daniel F},
	Date-Added = {2014-07-29 13:50:17 +0000},
	Date-Modified = {2014-07-29 13:50:17 +0000},
	Journal = {J. Natl. Cancer Inst.},
	Number = {21},
	Pages = {1446--1452},
	Publisher = {Oxford University Press},
	Title = {Use of archived specimens in evaluation of prognostic and predictive biomarkers},
	Volume = {101},
	Year = {2009}}

@article{soneson2014batch,
	Author = {Soneson, Charlotte and Gerster, Sarah and Delorenzi, Mauro},
	Date-Added = {2014-07-29 13:34:00 +0000},
	Date-Modified = {2014-07-29 13:34:00 +0000},
	Journal = {PloS one},
	Number = {6},
	Pages = {e100335},
	Publisher = {Public Library of Science},
	Title = {Batch Effect Confounding Leads to Strong Bias in Performance Estimates Obtained by Cross-Validation},
	Volume = {9},
	Year = {2014}}

@article{song2004evaluating,
	Author = {Song, Xiao and Pepe, Margaret Sullivan},
	Date-Added = {2014-09-30 12:22:15 +0000},
	Date-Modified = {2014-09-30 12:22:15 +0000},
	Journal = {Biometrics},
	Number = {4},
	Pages = {874--883},
	Publisher = {Blackwell Publishing},
	Title = {Evaluating markers for selecting a patient's treatment},
	Volume = {60},
	Year = {2004}}

@article{song2011evaluating,
	Author = {Song, Xiao and Zhou, Xiao-Hua},
	Date-Added = {2014-09-30 12:22:16 +0000},
	Date-Modified = {2014-09-30 12:22:16 +0000},
	Journal = {Stat. Med.},
	Number = {18},
	Pages = {2251--2264},
	Publisher = {John Wiley \& Sons, Ltd.},
	Title = {Evaluating markers for treatment selection based on survival time},
	Volume = {30},
	Year = {2011}}

@article{specht2001quantitative,
	Author = {Specht, Katja and Richter, Thomas and M{\"u}ller, Ulrike and Walch, Axel and Werner, Martin and H{\"o}fler, Heinz},
	Date-Added = {2014-09-30 13:14:22 +0000},
	Date-Modified = {2014-09-30 13:14:22 +0000},
	Journal = {The American journal of pathology},
	Number = {2},
	Pages = {419--429},
	Publisher = {Elsevier},
	Title = {Quantitative gene expression analysis in microdissected archival formalin-fixed and paraffin-embedded tumor tissue},
	Volume = {158},
	Year = {2001}}

@article{srinivasan2002effect,
	Author = {Srinivasan, Mythily and Sedmak, Daniel and Jewell, Scott},
	Date-Added = {2014-09-30 13:14:20 +0000},
	Date-Modified = {2014-09-30 13:14:20 +0000},
	Journal = {The American journal of pathology},
	Number = {6},
	Pages = {1961--1971},
	Publisher = {Elsevier},
	Title = {Effect of fixatives and tissue processing on the content and integrity of nucleic acids},
	Volume = {161},
	Year = {2002}}

@article{tibshirani1996regression,
	Author = {Tibshirani, Robert},
	Date-Added = {2014-10-17 15:01:07 +0000},
	Date-Modified = {2014-10-30 19:47:28 +0000},
	Journal = {Journal of the Royal Statistical Society. Series B (Methodological)},
	Number = {1},
	Pages = {267--288},
	Publisher = {Blackwell Publishers},
	Title = {Regression shrinkage and selection via the lasso},
	Volume = {58},
	Year = {1996}}

@article{varma2006bias,
	Author = {Varma, Sudhir and Simon, Richard},
	Date-Added = {2014-07-29 13:34:21 +0000},
	Date-Modified = {2014-07-29 13:34:21 +0000},
	Journal = {BMC bioinformatics},
	Number = {1},
	Pages = {91},
	Publisher = {BioMed Central Ltd},
	Title = {Bias in error estimation when using cross-validation for model selection},
	Volume = {7},
	Year = {2006}}

@article{werner2000effect,
	Author = {Werner, Martin and Chott, Andreas and Fabiano, Alfredo and Battifora, Hector},
	Date-Added = {2014-09-30 13:14:19 +0000},
	Date-Modified = {2014-09-30 13:14:19 +0000},
	Journal = {The American journal of surgical pathology},
	Number = {7},
	Pages = {1016--1019},
	Publisher = {LWW},
	Title = {Effect of formalin tissue fixation and processing on immunohistochemistry},
	Volume = {24},
	Year = {2000}}

@article{wray2013pitfalls,
	Author = {Wray, Naomi R and Yang, Jian and Hayes, Ben J and Price, Alkes L and Goddard, Michael E and Visscher, Peter M},
	Date-Added = {2014-09-30 18:38:32 +0000},
	Date-Modified = {2014-09-30 18:38:32 +0000},
	Journal = {Nat. Rev. Genet.},
	Number = {7},
	Pages = {507--515},
	Publisher = {Nature Publishing Group},
	Title = {Pitfalls of predicting complex traits from SNPs},
	Volume = {14},
	Year = {2013}}

@article{yeung2005bayesian,
	Author = {Yeung, Ka Yee and Bumgarner, Roger E and Raftery, Adrian E},
	Date-Added = {2014-10-17 15:08:07 +0000},
	Date-Modified = {2014-10-17 15:08:07 +0000},
	Journal = {Bioinformatics},
	Number = {10},
	Pages = {2394--2402},
	Publisher = {Oxford University Press},
	Title = {Bayesian model averaging: development of an improved multi-class, gene selection and classification tool for microarray data},
	Volume = {21},
	Year = {2005}}

@article{zou2005regularization,
	Author = {Zou, Hui and Hastie, Trevor},
	Date-Added = {2014-10-17 15:01:05 +0000},
	Date-Modified = {2014-10-17 15:01:05 +0000},
	Journal = {Journal of the Royal Statistical Society: Series B (Statistical Methodology)},
	Number = {2},
	Pages = {301--320},
	Publisher = {Blackwell Publishing Ltd},
	Title = {Regularization and variable selection via the elastic net},
	Volume = {67},
	Year = {2005}}
